2790 4978
497 345 744 512 gaz„

92 628 226 693 namur,
245 613 306 681 sed
327 613 509 683 incredibili
530 617 632 682 animi
651 615 857 700 impatientia
879 623 912 680 et
925 613 1044 698 sorore
1061 618 1186 701 abrepti

91 719 384 804 terricrepum,
414 732 451 786 ut
472 732 630 802 prostrato
661 721 846 786 adversario
876 721 1047 786 victoriam
1074 743 1184 804 repor-

93 836 182 898 tent3
205 823 398 902 tatteundrun,x
417 825 502 907 quod
524 826 559 890 in
580 825 747 906 probanda
769 825 953 910 dogmatum
974 829 1112 892 veritate
1126 849 1184 906 noa

91 949 168 994 vam
189 930 556 996 invenerint-rationem
577 929 776 1012 disputandi,
805 939 877 994 eum
898 931 1047 994 nimiunn
1070 932 1183 996 advers

92 1035 190 1098 aeriis
211 1035 280 1100 suis
292 1030 582 1121 Pmetotiptp'ooem
606 1046 638 1103 et
654 1031 870 1098 Traditiooeot
884 1047 1057 1117 opponant.
1090 1033 1185 1112 Quae

92 1151 230 1220 emaque
253 1137 394 1222 objectio
417 1127 511 1221 quam
533 1140 575 1202 sit
595 1139 722 1221 iniqua,
739 1150 842 1220 ‘atque
863 1140 910 1202 ita
932 1141 1127 1224 composita,
1148 1148 1185 1202 ut

91 1241 201 1308 summ
222 1242 344 1308 laeiant
364 1242 628 1324 imperitioribus,
649 1235 881 1306 faoile'vident
902 1241 1028 1306 eruditi.
1065 1241 1184 1326 Ecquis

93 1348 182 1412 enim
204 1346 352 1412 Patribus
381 1349 459 1411 vitio
482 1357 603 1428 vemet,
632 1347 661 1409 si
682 1344 829 1432 regulam
850 1344 927 1410 fidei
947 1366 1044 1410 onom
1064 1347 1185 1410 ommno
1272 1343 1274 1353 '

92 1457 124 1514 et
147 1449 247 1514 solon
267 1449 449 1516 immobilem
467 1457 503 1514 et
524 1447 791 1531 irreformabilem
813 1451 1078 1516 essa'oredentes
1100 1453 1185 1516 reri·
1261 1451 1263 1458 ’

93 1567 195 1620 tatem
215 1557 311 1620 unice
335 1575 379 1620 ert
401 1552 591 1618 orthodoxia
607 1553 827 1620 aeclesiastica
838 1557 1031 1630 metiantur3
1055 1569 1088 1622 et
1101 1577 1185 1636 eam,

93 1679 191 1742 qaam
212 1659 275 1741 ipsi
297 1657 402 1724 edooti
423 1671 498 1724 sunt
521 1671 554 1722 et
575 1657 710 1723 firmiter
728 1671 911 1738 tennerunt,
933 1664 1104 1725 veritatem
1126 1681 1187 1725 eeu

93 1783 192 1828 onam
222 1776 256 1826 at
284 1762 408 1842 solam,
435 1775 546 1846 utpote
575 1785 642 1828 non
664 1763 707 1828 ab
735 1763 919 1828 bominibus
947 1763 1107 1830 inventam
1128 1763 1187 1830 aed

92 1865 248 1930 mamam
269 1868 380 1932 dotant
401 1889 473 1933 eum
495 1869 674 1950 pertinacia
694 1879 905 1953 propugnant,
929 1889 970 1929 ne
992 1867 1094 1930 latum
1117 1870 1186 1950 qai·

92 1968 167 2036 dem
188 1991 332 2056 unguem
358 1971 474 2036 eadere
504 1971 629 2054 palatii
673 1969 754 2047 Quis
772 1971 847 2056 jure
877 1969 1096 2051 reprehendet
1116 1993 1211 2050 eos„

93 2075 122 2138 ai
144 2073 403 2140 adversariorum
424 2075 560 2161 argutiis
583 2087 617 2138 et
638 2073 775 2140 subdola
797 2073 978 2158 disputandi
991 2077 1119 2138 ratione
1142 2077 1185 2137 ir·

94 2179 156 2244 reti
178 2189 213 2242 et
234 2177 276 2242 ad
296 2179 413 2244 ineitaa
433 2178 574 2258 redacti,
603 2177 718 2243 iisdem
739 2181 849 2258 armis,
873 2185 946 2241 orte
964 2176 1091 2242 seilicet
1112 2177 1186 2241 dio·

93 2279 226 2362 reaten,
247 2284 395 2348 inimicos
416 2287 589 2366 pertierlnt
610 2305 648 2350 ao
669 2280 932 2370 profligaverintl
977 2279 1080 2360 Quid,
1104 2283 1188 2366 quod

93 2389 162 2468 ipse
172 2386 230 2452 ·1).
252 2385 377 2454 Perdat
403 2389 438 2453 in
460 2386 615 2470 Epistolia
637 2387 679 2452 ad
700 2389 881 2468 Romanor,
905 2388 947 2452 ad
969 2385 1122 2466 Galatas,
1145 2385 1187 2452 ad

94 2489 273 2574 Ephesios,
305 2493 340 2556 in
362 2490 477 2576 quibus
498 2503 586 2556 totas
607 2493 642 2558 in
665 2493 841 2556 eertamine
863 2494 986 2574 positas
1009 2503 1075 2568 est,
1106 2513 1126 2554 a
1149 2489 1186 2554 S.

94 2593 286 2676 tttermpm
306 2583 467 2674 findatur,
491 2596 576 2679 quod
597 2608 666 2660 arte
690 2595 827 2678 quadam
848 2595 1009 2678 polemioa
1029 2595 1073 2658 sit
1093 2597 1189 2658 uana!

100 2697 256 2766 erttm
269 2719 346 2778 mm,
370 2702 427 2779 ait,
448 2699 485 2762 io
506 2698 704 2777 testimoniis,
718 2695 809 2784 ‘puae
830 2699 952 2762 toadte
970 2698 1006 2761 V.
1024 2696 1073 2776 Τ.,
1096 2717 1188 2783 mem

94 2801 234 2886 orttJea,
256 2823 350 2890 qoam
365 2802 510 2886 prooem
530 2802 574 2866 rit
595 2801 815 2868 dissimulator
836 2805 913 2886 ejus,
936 2809 1022 2888 pooe'
1039 2801 1128 2888 ogit,
1149 2845 1187 2864 ..

94 2903 206 2970 tuerer
226 2907 265 2970 io
285 2928 394 2986 noma,
417 2906 509 2991 eopit
530 2926 632 2984 omne,
654 2905 738 2994 qaod
758 2906 906 2992 tetigerit
911 2930 923 2984 ‚·
944 2915 1069 2993 tergeat
1090 2903 1190 2973 vertit

94 3017 131 3072 at
152 3019 297 3093 torperem
313 3007 432 3096 sogam
453 3009 594 3088 stertat,
615 3017 652 3072 ot
673 3009 810 3074 occidet.
848 3009 1090 3080 catholicorum
1102 3029 1188 3074 sem·

93 3114 240 3198 perluit
267 3129 301 3180 ot
330 3115 502 3181 hodiedum
529 3113 609 3178 fides
632 3135 670 3179 ae
691 3116 857 3196 persuasio
887 3113 969 3178 haee
999 3128 1066 3192 est,
1093 3133 1190 3178 mmm

93 3241 168 3285 erse
190 3219 369 3297 veritatem,
390 3238 486 3282 mom
508 3239 529 3281 a
551 3216 681 3283 Christo
703 3217 882 3282 revelatam
904 3217 1091 3304 religionem
1105 3237 1188 3282 eorr-
1260 3235 1264 3253 ·

91 3343 153 3408 qtoe
175 3321 380 3400 catholiam,
409 3334 442 3386 et
465 3334 561 3387 extra
583 3343 657 3386 eam
688 3327 799 3404 noque
814 3325 986 3387 veritatem
1007 3321 1109 3387 ullam
1131 3345 1190 3387 ne·

91 3449 155 3510 qno
184 3426 332 3497 salutem·
377 3429 453 3494 Fuit
477 3427 538 3493 ille
558 3427 689 3492 Petrum
717 3448 789 3492 oum
809 3425 996 3490 Haeretieis
1025 3425 1191 3489 dimicatio

91 3532 139 3594 od
157 3531 405 3596 iotmteciooen
434 3551 530 3616 otpoe
552 3534 691 3617 agitatap
723 3543 778 3595 aut
808 3532 894 3594 enim
923 3529 1103 3593 tenendum
1129 3529 1191 3594 fnit

91 3647 150 3700 ant
170 3636 359 3701 uadendum.
403 3635 477 3702 Hoe
499 3657 619 3720 quaeso
641 3635 840 3713 memineris,
863 3645 896 3697 at
917 3635 945 3697 si
967 3631 1188 3715 quisinHae·

89 3743 268 3805 retieornm
295 3741 512 3806 debellatione
541 3741 659 3804 nimius
690 3751 722 3802 at
745 3736 939 3802 obstinatior
966 3737 1050 3801 forta
1078 3737 1189 3818 luerit,

89 3843 232 3914 hebebis
254 3867 327 3910 eam
351 3858 555 3912 excusatum.

180 3948 210 4034 i·
235 3957 328 4026 ¹810
372 3949 487 4018 Altera
514 3967 593 4014 vero
617 3969 682 4011 non
705 3948 810 4010 aninus
832 3946 953 4028 injusta
975 3946 1116 4031 objectio
1139 3961 1189 4014 at·

91 4057 176 4120 tinet
195 4067 419 4140 argumentum
440 4049 811 4136 Proeroro’ptioois,
835 4071 896 4132 qno
911 4049 1188 4132 Patrensium,
1299 4092 1300 4100 κ
1342 4059 1345 4066 ’

90 4159 148 4223 ubi
178 4179 295 4242 nempe
323 4157 497 4223 haereticis
526 4143 748 4241 antiquitatem
777 4175 876 4218 verae
898 4153 1067 4242 religionis
1089 4179 1188 4240 oppo-

91 4274 212 4328 nentes
229 4263 301 4345 jam
324 4283 369 4326 ax
392 4283 451 4342 eo,
475 4261 560 4346 quod
581 4259 630 4326 illi
653 4255 737 4324 nora
759 4259 892 4324 tradant
908 4259 1077 4346 dogmata,
1105 4257 1188 4324 haee

90 4365 178 4432 falsa
206 4387 280 4431 ease
309 4378 404 4450 atque
428 4386 568 4456 erronea
589 4365 820 4429 demonstrant.
867 4364 941 4466 Qpa
962 4363 1089 4448 quidem
1113 4385 1187 4468 nea·
