2784 4966
725 345 802 414 aaa
931 437 935 444 Ι

109 584 114 612 1
213 566 425 648 positionem,
449 581 544 645 qum
566 519 693 626 Madar-
714 557 961 624 aaronem·
983 559 1062 626 olins
1082 582 1309 648 propugnare.

215 685 280 736 rat:
308 664 398 747 „Ubi
424 665 495 752 peis
516 663 678 728 inuenerit
700 663 878 728 dodrinnn
898 664 935 726 in
958 665 994 728 S.
1017 664 1199 750 Augustino
1222 665 1313 732 clere

208 773 398 858 sundntnn,
421 769 527 854 ipson
548 765 692 833 obsolute
712 774 817 850 potest
838 774 981 830 tenere.“
1022 765 1128 834 Nimis
1151 773 1238 836 amm
1259 771 1308 837 in·

214 874 352 956 definite
382 876 523 942 assertio
543 885 611 951 est,
642 891 724 953 qaae
753 868 878 934 nullum
907 874 993 936 inter
1014 871 1188 958 Augustini
1208 873 1309 940 libros

214 983 386 1048 discrimen
408 959 516 1044 iaciat
562 973 628 1040 Sed
651 976 761 1054 etiam,
784 976 812 1040 si
834 974 937 1040 libros
959 973 999 1040 de
1021 980 1127 1062 gratia
1150 991 1184 1042 et
1204 978 1307 1046 libere

214 1088 347 1152 arbitrio
382 1085 534 1150 adversus
564 1077 760 1166 Pelagianos
787 1079 1010 1166 designasset,
1045 1083 1081 1144 in
1109 1081 1172 1147 hoe
1200 1073 1307 1148 tamen

213 1204 374 1269 massot,
404 1187 489 1272 quod
518 1181 694 1248 absolutam
720 1183 837 1248 iisdem
866 1182 964 1259 fidem
992 1183 1195 1252 tribuendam
1231 1210 1306 1254 cen·

196 1297 290 1362 ‘snitl
311 1331 352 1348 -
376 1292 508 1358 Etenim
530 1287 684 1364 secundo,
705 1285 784 1352 licat
802 1285 898 1352 Pater
919 1287 1105 1371 specialiter
1128 1289 1168 1355 ab
1191 1292 1305 1358 Eccle-

212 1403 263 1467 sia
292 1401 334 1464 sit
360 1394 572 1480 approbatus,
605 1404 715 1456 tamen
742 1392 824 1474 Ejus
854 1413 920 1456 non
954 1394 1062 1456 omnia
1095 1393 1200 1458 endere
1233 1395 1305 1464 loeo

212 1507 333 1586 scripta
353 1498 506 1566 habenda
527 1509 613 1574 sunt,
635 1495 696 1559 sad
716 1497 741 1558 ii
763 1507 886 1560 tantum
899 1493 962 1559 hac
974 1478 1213 1580 principalitate
1226 1522 1305 1588 gau·

212 1607 290 1674 dant
311 1605 404 1683 libri,
433 1623 513 1686 qnos
535 1598 589 1664 vel
611 1597 730 1662 ditem
751 1599 949 1676 nominavit,
971 1597 1027 1662 vel
1049 1609 1125 1666 nde
1145 1609 1179 1666 et
1200 1623 1305 1686 exess-

210 1711 267 1797 ple
289 1709 331 1774 ad
352 1726 412 1774 aua
435 1706 587 1791 dogmata
608 1701 796 1768 definienda
818 1701 967 1766 adhibuit
988 1702 1148 1770 Ecclesia.
1194 1706 1250 1774 sie
1269 1707 1304 1774 S.

212 1813 385 1900 Augustini
411 1831 477 1876 non
499 1809 625 1886 omma,
648 1807 705 1872 sed
727 1828 768 1872 aa
790 1805 879 1886 sola,
904 1809 1048 1891 quaeda
1069 1807 1185 1894 potin
1208 1825 1243 1876 et
1262 1811 1304 1876 li-

211 1915 285 1982 dero
313 1913 451 1980 ordilrie
473 1907 640 1986 disseruit3
669 1914 735 1976 imo
765 1931 843 1975 vero
866 1933 908 1976 ne
936 1914 1000 1976 iste
1027 1911 1155 1995 quidam
1184 1918 1303 1995 omnia,

211 2023 271 2088 sed
292 2043 374 2104 quae
404 2021 438 2082 in
461 2017 523 2082 hac
554 2017 690 2080 materia
720 2015 871 2080 adoernrr
892 2013 1086 2100 Pelagianos
1108 2023 1140 2080 el
1163 2017 1302 2102 δαίμ·

209 2123 360 2211 lnginnot
382 2123 547 2199 exaravit,
570 2119 756 2202 specialiter
777 2118 952 2214 approbata
973 2133 1058 2184 aunt.
1103 2119 1194 2186 ldem
1216 2126 1302 2190 euim

209 2229 504 2312 praestantissimus
527 2221 651 2288 Ductor
673 2223 745 2306 jam
772 2225 807 2286 in
835 2225 1042 2308 expositione
1063 2223 1233 2310 Epistulae
1253 2229 1300 2300 nd

162 2381 167 2402 ,
209 2331 376 2409 limnas,
399 2349 493 2412 quam
515 2347 568 2390 ao.
592 2329 655 2392 395
679 2327 820 2392 seribere
842 2310 1019 2407 inchoavit,
1040 2328 1126 2394 hanc
1141 2333 1300 2412 quaestio·

209 2457 285 2502 nem
308 2435 490 2522 discoadt,
506 2429 566 2496 sed
593 2441 670 2494 tuno
700 2431 828 2516 quidem
858 2455 924 2498 non
947 2432 1068 2518 absque
1082 2457 1204 2526 ,emere
1225 2458 1300 2519 qno·

209 2541 284 2608 dam
319 2539 489 2618 disseruit,
526 2548 620 2619 prout
648 2536 718 2617 ipse
746 2537 781 2600 in
810 2533 894 2604 libro
923 2535 977 2602 De
1007 2537 1301 2620 praedestinatione

208 2647 402 2712 Sanctorum
429 2667 457 2709 c.
488 2648 519 2708 ³.
550 2641 678 2706 sincere
705 2640 834 2706 latetur.
886 2639 1062 2726 Aliquanto
1096 2657 1208 2710 antam
1233 2647 1304 2730 jam

142 2777 144 2791 ·
207 2752 325 2836 majori
347 2757 425 2815 cnra'
445 2746 583 2811 eandem
605 2745 645 2810 da
667 2747 773 2831 gratia
795 2749 1018 2828 quaestionem
1039 2752 1309 2832 pernoctantis

207 2853 291 2920 libro
313 2853 331 2919 l
352 2849 406 2918 lle
426 2850 563 2916 dicertis
591 2848 829 2934 quaestionatae
856 2850 901 2914 nd
922 2847 1169 2936 Simplicium
1199 2876 1228 2918 c.
1250 2877 1300 2920 ao.

147 2981 150 2990 ’
208 2964 272 3026 397
295 2955 463 3043 evulgato,
486 2955 541 3020 nbi
563 2955 669 3038 episc·
690 2955 732 3018 ad
752 2953 846 3020 Rom.
869 2952 942 3034 Vll,
965 2961 997 3022 7.
1021 2967 1053 3019 et
1073 2953 1136 3035 lX,
1160 2963 1301 3024 10-29.

207 3063 248 3128 de
271 3062 466 3126 necessitate
492 3059 618 3146 gratiae
641 3070 674 3121 et
694 3057 801 3122 libera
821 3061 991 3124 vocatione
1014 3060 1182 3143 expondit.
1227 3059 1301 3128 Ma·

83 3169 106 3256 .'
205 3168 297 3232 xime
325 3185 403 3230 varo
426 3164 573 3228 doctrina
594 3181 691 3240 vera,
720 3163 848 3232 sincera
876 3175 910 3228 et
931 3161 1093 3228 catholiea
1121 3167 1244 3229 eminet
1264 3167 1301 3232 iu

205 3269 299 3335 libris
321 3267 477 3354 Ejusdem
503 3269 590 3332 intra
611 3287 716 3331 annos
737 3267 911 3332 ate-418
941 3247 1091 3332 exarans
1108 3265 1163 3332 De
1178 3289 1300 3352 pecca·

204 3381 309 3438 town
329 3373 451 3438 neritis
473 3379 505 3435 et
526 3369 708 3436 renitnone
729 3371 828 3456 depae
849 3369 1069 3434 Paenuleum.
1081 3369 1238 3454 leptim
1256 3373 1302 3438 nd

203 3475 446 3554 Marcellinum,
468 3473 521 3538 De
542 3474 663 3559 spirite
685 3481 717 3538 et
738 3473 841 3541 litera
863 3461 905 3538 ad
927 3474 1081 3554 eundem,
1102 3472 1157 3540 De
1177 3483 1301 3542 naim

203 3587 236 3646 el
256 3579 372 3668 gralia
393 3580 478 3646 liber
488 3601 582 3659 unns,
604 3577 658 3642 De
666 3575 868 3662 perfectione
882 3577 1037 3661 jaste'tine
1056 3575 1189 3644 doninir
1200 3579 1302 3662 liber,

158 3741 163 3768 ,
202 3681 256 3749 De
275 3683 390 3770 gretia
401 3681 523 3748 Christi
544 3691 577 3746 et
597 3671 754 3768 originali
762 3687 915 3766 peccam
936 3682 1074 3768 deniqne
1092 3686 1194 3764 iniis,
1218 3709 1302 3769 quos

202 3790 360 3857 extremis
373 3791 461 3854 vitae
475 3789 571 3852 aunis
583 3785 784 3866 (dae-430)
792 3784 865 3850 adv.
881 3785 1163 3874 Seraipelagiauos
1177 3793 1302 3872 emisit,

201 3889 376 3978 Degrntin
399 3889 554 3956 allidere
575 3887 716 3953 urdilrlo
736 3888 1223 3974 admonaclrosAdrnmetiuos,
1242 3892 1305 3958 De

199 3995 401 4080 correptione
438 4003 470 4058 et
502 3991 618 4082 gretie
652 3994 694 4058 ad
729 3995 879 4074 eoadem,
912 3993 967 4059 De
991 3997 1305 4080 praedestinatione

201 4096 391 4164 Sanctorum
412 4100 454 4164 ad
474 4097 713 4177 Massilienses,
737 4095 833 4162 etDe
853 4097 934 4162 dono
945 4101 1214 4184 perseverantiae
1228 4101 1302 4189 (dd.

92 4231 94 4234 ·
201 4207 275 4270 171.
292 4203 392 4286 1⁷2).
418 4237 457 4249 -
481 4199 608 4283 Tertio,
631 4197 930 4284 exiapprobatiene
943 4203 1089 4288 speciali,
1113 4227 1210 4292 quam
1224 4210 1305 4291 quis

199 4307 240 4372 de
262 4319 350 4373 earto
373 4305 456 4371 libro
478 4308 596 4390 potitus
618 4319 680 4388 est,
702 4327 766 4373 non
788 4311 944 4392 sennim,
965 4330 1070 4375 onnes
1091 4309 1305 4398 eisingulns,
