2784 4966
480 359 483 366 ’
521 391 748 498 202.-
806 386 811 395 ·

94 619 170 664 esse
192 597 348 664 lectorem
378 613 514 684 oportet.
559 602 709 689 Denique
737 627 835 690 quum
856 607 1024 676 Ecclesiae
1052 609 1189 682 catholi-

93 724 154 767 cae
175 703 347 788 plurimam
374 707 519 788 intersit,
547 711 722 793 genuinam
750 709 871 775 habere
895 726 929 776 et
949 713 1110 782 stabulis
1131 718 1189 783 de·

92 808 399 893 precationibusqae
429 832 525 894 quam
552 815 697 878 maxime
727 829 893 901 purgatam
921 816 1099 886 doctrinam
1126 821 1190 892 Pa·

93 924 196 991 tram,
226 911 382 978 lectorem
405 913 489 978 artis
511 937 636 998 quoque
659 917 816 996 criticae,
841 941 935 1002 quam
957 937 1091 1002 vocant,
1123 945 1188 992 non
1283 935 1286 942 '

91 1017 242 1102 Quum
265 1039 338 1082 esse
360 1017 492 1097 debere,
516 1041 568 1082 res
590 1041 648 1100 per
670 1041 707 1084 se
729 1019 818 1087 clara
839 1036 890 1087 est
911 1035 943 1088 et
966 1027 1130 1110 expedita.

93 1251 128 1318 1.
164 1211 343 1338 cognitio
370 1259 543 1324 vetemm
561 1225 777 1344 linguarum
795 1251 940 1327 latinae
957 1257 1184 1354 praesertim

523 1383 562 1446 et
587 1393 755 1464 graecae.

177 1534 208 1619 i·
230 1543 331 1614 2350
377 1537 444 1616 Qui
471 1539 519 1620 ad,
541 1539 646 1605 Patris
674 1539 812 1625 alicujus
840 1541 1015 1610 lectionem
1043 1547 1186 1614 animuiti
1301 1529 1302 1534 ἵ

90 1637 244 1722 adpellit,
274 1637 393 1704 calleat
415 1654 541 1724 oportet
562 1641 726 1742 lingarum,
754 1647 789 1708 in
812 1667 876 1732 qua
898 1670 976 1732 opus
999 1663 1183 1731 exaratum,
1362 1645 1367 1660 '

88 1740 177 1823 qa'od
197 1740 338 1806 lectume
360 1756 420 1808 est.
464 1743 544 1810 Utut
567 1737 654 1809 enim
677 1757 829 1808 exactam
850 1749 914 1812 sibi
927 1769 1000 1814 esee
1014 1751 1184 1820 certionem

86 1843 186 1924 velit,
215 1857 323 1910 tamen
353 1867 480 1930 semper
501 1860 643 1930 praestat
665 1845 838 1930 cujuslibet
866 1854 1004 1916 auctoris
1026 1851 1125 1942 lectio
1147 1858 1182 1922 in

85 1945 201 2035 lingua
222 1949 440 2035 originali.
485 1950 523 2016 ld
545 1971 623 2016 vcro
645 1953 691 2015 sic
714 1953 848 2032 accipio,
869 1964 906 2016 ut
922 1958 1094 2025 ,versiones
1116 1979 1182 2026 non

86 2058 205 2118 tessere
231 2054 443 2140 negligendas
468 2057 609 2138 (etenim
637 2056 765 2140 insigne
794 2057 829 2118 in
857 2055 962 2132 dubiis
990 2062 1181 2146 quandoque

85 2153 198 2222 lamen
228 2158 407 2242 adierant),
437 2159 495 2224 sed
515 2159 557 2224 iis
580 2157 656 2223 salis
685 2180 886 2258 nequaqqam
914 2159 1180 2251 fidendumscsse

84 2277 250 2326 moneam.
295 2261 500 2344 Scripserunt
527 2275 635 2326 autem
663 2261 777 2328 Patres
806 2261 952 2352 plerique
980 2265 1034 2332 vel
1060 2289 1179 2354 graeco

84 2364 241 2430 idiomate
269 2363 324 2429 vel
352 2365 473 2442 latin03
510 2368 694 2448 paucissimi
724 2369 822 2431 etiam
850 2369 886 2432 in
912 2371 1039 2451 syriaca
1072 2370 1180 2438 aliave

86 2465 235 2532 Orientis
261 2468 393 2556 lingua,
423 2483 455 2534 et
477 2469 518 2534 de
540 2469 591 2534 his
612 2473 729 2552 paucis
757 2473 896 2552 optimae
925 2493 996 2536 cum
1027 2477 1179 2560 antiquae

83 2581 152 2636 tum
174 2576 373 2638 recentiores
397 2576 467 2658 jam
498 2574 700 2658 suppeditant
726 2575 1020 2658 interpretationes.
1065 2577 1179 2664 ltaqse
1216 2651 1219 2656 ,

82 2699 262 2763 graecae
288 2681 489 2776 potissimum
512 2691 545 2742 et
566 2676 728 2740 latinae
755 2677 887 2764 linguae
915 2683 1032 2744 notitia
1053 2680 1093 2748 ad
1114 2682 1177 2748 Pa·

83 2794 168 2847 trum
190 2783 440 2870 intelligentiam
463 2785 617 2869 exigitur,
641 2795 674 2846 et
696 2783 838 2868 cognitio
862 2783 990 2865 quidem
1011 2781 1100 2848 laad
1113 2805 1176 2850 rac-
1292 2817 1295 2834 ·

82 2887 207 2950 diceris
240 2888 299 2954 sed
328 2889 407 2954 satis
435 2887 608 2970 expedita3
643 2909 747 2970 neque
777 2885 818 2950 ad
852 2907 982 2952 auream
1011 2892 1176 2974 utriusque

80 2987 216 3078 linguae
240 3003 379 3056 aetatem
402 2993 568 3070 restricta,
597 2992 655 3056 sed
678 2995 750 3075 ejus
780 3012 904 3074 quaque
928 3005 994 3056 tum
1016 2996 1176 3080 graecita-

81 3097 159 3160 tatis
182 3109 249 3160 tum
270 3095 456 3174 latinitatis,
480 3117 562 3178 qaae
584 3085 756 3160 sententiis
773 3107 813 3158 'et
834 3085 1000 3160 vocabilis
1022 3093 1176 3162 Patr-ibas

80 3201 218 3284 propriis
248 3213 280 3264 et
306 3201 433 3265 usitatis
461 3203 661 3280 continetur,
692 3212 725 3264 et
756 3197 974 3274 ecclesiastica
1003 3213 1175 3285 propterea

79 3303 208 3368 dicitnr.
259 3303 345 3370 Huic
373 3318 480 3370 autem
517 3305 693 3392 cognitioni
729 3303 856 3368 mediae
884 3315 918 3368 ct
946 3302 1077 3370 infimae
1107 3318 1174 3372 tam

80 3409 321 3474 ecclesiasticae
351 3431 446 3494 qaam
475 3409 629 3492 profanae
658 3408 846 3494 graecitatis
869 3428 906 3470 ac
928 3405 1100 3498 latinitatis
1121 3409 1173 3474 in·
1205 3433 1208 3444 ¹

78 3513 193 3596 primis
220 3517 364 3578 serviunt
390 3513 605 3578 Glaesaria
628 3535 699 3578 cum
726 3509 895 3600 generalia
917 3523 984 3576 tum
1005 3509 1171 3594 specialia.

78 3617 124 3680 Et
144 3620 180 3682 in
200 3615 406 3702 gereraliias
423 3619 563 3702 quidem,
586 3639 669 3702 qaae
690 3615 964 3702 graecitatem
985 3616 1171 3697 respiciant,

77 3723 251 3804 praecipue
264 3719 479 3788 laudantarJ.
505 3719 539 3784 C.
565 3715 728 3796 Saiceis'
754 3718 931 3796 Thesaurus
953 3715 1173 3782 ecclesiaste

77 3823 233 3890 Patribus
258 3827 405 3914 graecis,
437 3825 614 3894 Acastelod.
645 3828 739 3889 1682·
770 3821 844 3898 (Ed.
873 3819 916 3886 ll.
946 3819 1025 3886 ibid.
1058 3823 1170 3920 1728.)

76 3927 178 4005 11.t.;
203 3929 277 3994 Car.
300 3927 527 3998 Ila-Fresrse
556 3929 653 3996 Dom.
683 3927 726 3994 du
756 3924 868 4014 Cange
901 3921 1099 3990 Glossarium
1128 3925 1173 3990 ad

76 4029 262 4116 Scriptores
289 4035 411 4099 mediae
433 4043 464 4099 ct
483 4030 622 4123 ,infimae
647 4027 862 4108 Graecitatis,
890 4029 1041 4116 Lugdun.
1073 4033 1169 4096 1688.
1281 4101 1283 4108 ,
1382 4071 1383 4108 r

75 4135 123 4202 ll.
145 4137 170 4202 i.
193 4174 236 4186 -
257 4139 319 4204 Pro
342 4139 441 4204 medii
463 4143 537 4205 aevi
558 4136 781 4202 latinitate
802 4133 1000 4200 addiscenda
1021 4131 1169 4218 suppedi-

77 4254 150 4306 tant
178 4243 323 4326 ejusdem
352 4243 428 4307 Car.
444 4243 520 4320 'Da
548 4237 699 4308 Fresac
731 4237 876 4303 Glossar.
913 4239 958 4302 art
984 4235 1169 4320 Scriptores

74 4344 202 4410 acediae
230 4353 262 4410 ct
290 4345 421 4426 iqrirrsrse
441 4345 637 4424 latinitatis,
667 4343 769 4410 Paris.
800 4347 895 4409 1878.
925 4339 984 4406 ΙΠ.
1012 4337 1049 4419 i,
1079 4339 1170 4424 cujus

101 4481 268 4530 meter
281 4483 431 4539 rstmtsata
449 4485 469 4530 1.
637 4539 641 4554 ι
913 4463 961 4534 26
