2796 4978
602 387 675 458 147
812 385 819 400 ¹

95 606 210 672 omisso
239 602 333 682 loco,
362 605 397 668 in
424 623 520 687 quem
544 605 751 688 interpretari
772 603 952 686 debebunt,
979 605 1183 672 occasionem

95 709 257 793 rccipiunt,
281 707 401 793 dogma
422 707 582 790 quoddam
603 707 775 796 religionis,
793 708 894 775 insius
912 651 1113 794 explanandi
1129 710 1183 776 sel

95 814 350 878 adversariorum
372 833 499 881 errores
513 811 698 878 refelle'ndi.
744 810 830 890 Quid
847 833 926 877 vero
947 816 983 878 iu
1004 812 1066 879 hoc
1086 816 1183 880 vitio·
1216 849 1224 858 ·

94 937 158 982 sum
180 918 225 981 sit
247 917 344 996 adeo,
366 931 403 982 ut
422 917 502 982 ferri
524 930 676 1000 nequeat,
700 917 848 1000 equidem
870 937 937 982 uon
951 917 1065 994 video;
1086 917 1184 984 modo
1215 901 1222 912 ³

94 1043 130 1086 ne
151 1043 174 1088 a
196 1041 234 1086 re
258 1039 394 1122 proruet
416 1019 597 1086 alieno'sit
624 1021 800 1107 digressio,
831 1041 891 1086 nec
912 1022 1036 1103 joeleus
1065 1021 1185 1088 nodoso
1212 1020 1214 1026 ’

94 1123 241 1192 excedet.
264 1175 267 1182 .
285 1124 330 1188 Et
351 1126 380 1189 si
401 1123 486 1192 forte
506 1125 668 1190 interdum
687 1127 723 1190 in
745 1125 998 1211 digressionibus
1018 1127 1107 1206 istis,
1127 1125 1185 1190 ubi

93 1249 140 1292 res
161 1229 236 1318 ipsa
263 1239 376 1314 urget,
403 1225 569 1314 longiores
598 1228 719 1294 luerint
740 1227 908 1309 nonnulli,
937 1249 1033 1313 quem
1053 1231 1089 1294 iu
1109 1228 1184 1296 loeo
1287 1275 1290 1282 »

94 1343 179 1396 certo
206 1331 465 1413 interpretando,
495 1355 551 1398 cur
572 1352 637 1398 nou
661 1344 695 1396 et
715 1331 790 1397 huic
811 1331 917 1416 lapsui
943 1335 986 1398 sit
1011 1335 1129 1400 veniae
1151 1346 1186 1398 et

95 1437 313 1500 excusationis
335 1434 438 1515 locus,
461 1457 532 1500 oum
554 1417 745 1520 pr'sesertim
767 1434 807 1500 ab
829 1438 870 1500 iis
891 1435 1052 1518 Patribus,
1075 1439 1129 1520 qui
1149 1439 1184 1502 in

95 1537 152 1604 ltoc
171 1550 358 1621 peccarunt,
380 1540 408 1601 si
431 1539 559 1622 quidem
581 1540 799 1621 peccaverint,
820 1561 879 1620 per
892 1543 980 1623 ipsos
999 1539 1185 1624 hujusmodi

95 1663 249 1708 excursus
276 1640 380 1706 multa
407 1644 473 1706 sint
500 1641 680 1724 perutiliter
714 1663 752 1706 ao
780 1641 947 1723 praeclare
975 1641 1080 1708 dietal
1117 1641 1185 1708 Sed
1254 1679 1257 1686 ·

93 1749 193 1832 magis
221 1747 319 1810 etiam
341 1748 377 1810 in
397 1744 459 1810 hoe
481 1745 630 1812 videntur
650 1747 782 1824 Patres,
810 1747 1021 1828 interpretum
1048 1765 1184 1812 munere

92 1849 279 1938 fungentes,
296 1849 482 1934 deliquisse,
506 1851 602 1934 quod,
625 1849 755 1932 qualem
776 1843 1037 1933 significandi
1004 1869 1065 1912 mat
1086 1871 1184 1914 voces

92 1952 251 2034 habeant,
281 1975 347 2018 non
374 1953 559 2042 diligentius
587 1953 823 2040 indagaverint.
867 1948 981 2036 Neque
1004 1951 1100 2016 aliter
1121 1933 1183 2018 hoo

92 2056 161 2122 fieri
183 2057 338 2144 potuisse,
361 2058 490 2142 quidem
511 2060 574 2124 srbr
586 2081 774 2143 persuasum
786 2058 920 2124 hebent
955 2057 1071 2122 Patres
1084 2058 1182 2138 euim,

93 2163 245 2240 ιὶιιι,.ιὶ
268 2160 436 2245 Origenes
458 2175 491 2226 et
512 2161 736 2244 Ηίιιιιιιιιιι
758 2165 916 2246 excipias,
938 2161 1142 2238 hebreicae
1132 2183 1182 2248 rg-

93 2266 180 2344 uuri,
210 2267 276 2328 imo
304 2262 397 2330 multi
427 2287 532 2348 neque
553 2287 693 2353 gruem
714 2265 846 2352 linguae
873 2267 969 2348 periti
991 2277 1095 2330 erant.
1139 2264 1183 2330 At

93 2389 223 2452 quaeso,
246 2365 365 2432 Patres
384 2369 547 2454 groeci,
575 2391 727 2457 graecum
748 2369 894 2456 liugnam
915 2371 1035 2452 optime
1057 2359 1181 2434 callen·

91 2485 149 2552 tes,
172 2469 292 2538 saltem
312 2466 434 2536 Noouat
459 2471 686 2539 Testamentum
707 2473 893 2561 intelligere
915 2476 1058 2556 sciteque
1079 2473 1181 2536 inter·

90 2579 209 2661 proteri
229 2589 421 2660 potuemnt;
451 2577 536 2660 quod
564 2589 674 2643 antem
696 2578 738 2642 ed
767 2575 859 2640 Velut
880 2587 1110 2642 testamentum
1132 2587 1181 2638 et·

89 2683 188 2761 tinet,
214 2679 318 2744 certio
346 2675 455 2761 Lxx,
484 2681 525 2748 ab
554 2685 633 2765 ipsis
661 2680 827 2765 Apostolis
855 2692 1008 2762 usurpate
1036 2676 1181 2762 adeoque

90 2785 292 2864 authentice,
315 2798 430 2850 cuncta
452 2785 618 2867 exhibuit,
648 2807 731 2872 quae
760 2785 897 2868 alicujus
923 2783 1079 2848 momenti
1106 2794 1182 2846 suut

90 2903 123 2954 ιι
148 2891 191 2956 ad
217 2889 408 2956 hnbueudos
436 2889 552 2958 lideles
582 2893 777 2957 necessario.
821 2887 945 2954 Vemm
966 2887 1006 2952 de
1028 2883 1042 2948 1
1049 2883 1181 2950 alluit

90 3016 215 3079 qnoque
230 2993 378 3060 Patribus
400 2997 479 3060 satis
502 3009 629 3060 cautum
652 3010 712 3074 est,
736 3017 777 3060 ne
800 2993 876 3078 quid
897 3013 955 3075 per
975 2994 1117 3074 ipsorum
1128 2991 1180 3054 iu·

88 3101 215 3164 aritiam
245 3101 440 3166 incommodi
465 3097 652 3194 patiamun¹
680 3097 786 3176 Quum
815 3099 902 3162 euim
929 3097 1028 3160 etiam
1048 3093 1180 3160 illorum

87 3221 150 3266 ιιιι
165 3201 269 3288 pauci
280 3207 406 3290 graecis
417 3204 521 3272 literis
533 3206 650 3272 emditi
667 3218 777 3270 essent
791 3203 836 3290 (q.
851 3201 936 3285 94.)3
958 3220 1055 3284 quum
1065 3200 1179 3282 priori-

87 3304 148 3372 bus
169 3305 291 3372 seculis
313 3313 523 3376 arctissimum
545 3310 642 3376 fuerit
663 3312 748 3374 inter
770 3305 952 3373 Ecclesiam
968 3323 1120 3391 ςιιιιιιιι
1142 3321 1181 3366 se

87 3407 224 3476 latinam
252 3412 480 3491 commercium,
508 3425 543 3478 ut
565 3414 678 3480 Petres
708 3413 802 3478 latini
828 3431 969 3498 graecos
986 3406 1083 3472 facile
1104 3427 1180 3488 pos-

88 3527 163 3578 sent
183 3514 366 3598 eonsulere,
390 3517 656 3600 quemadmodum
669 3515 884 3604 Augustinus
895 3509 1080 3592 Hieronymi
1101 3529 1179 3574 cou-

87 3617 171 3684 siliis
197 3621 233 3684 iu
261 3619 494 3688 difficilioribus
516 3621 758 3706 quaestiouibus
785 3639 878 3686 usum
906 3617 1006 3682 fuisse
1036 3612 1179 3688 couslat3

88 3743 185 3816 quum
210 3745 306 3807 porro
334 3737 427 3790 vetus
449 3722 541 3790 Itala
564 3740 598 3792 et
614 3715 827 3811 'postmodum
847 3716 1099 3800 Ηὶιιιιιιιίιιιι
1120 3737 1179 3782 au·
1203 3788 1212 3812 ,

88 3823 233 3893 theutica
255 3825 439 3914 Scripturae
466 3851 580 3896 sacrae
610 3852 656 3896 ex
676 3851 795 3917 graeco
823 3829 871 3914 (et
891 3823 1049 3905 hebraeo)
1070 3825 1106 3888 iu
1126 3821 1177 3918 lq·

87 3932 189 3996 tinum
208 3935 318 3998 versio
333 3947 479 4018 extaretr
501 3936 640 4019 denique
656 3957 753 4020 quum
773 3933 848 3998 vieo
870 3927 972 4000 diotae·
982 3925 1178 4010 verdiproe·

87 4033 253 4099 dicatio
243 4059 279 4102 m
312 4009 464 4104 Ecclesia
496 4061 562 4104 ono
595 4051 664 4104 toto
700 4041 735 4104 iu
768 4036 847 4102 orbe
882 4033 1109 4108 dimeminma,
1144 4041 1178 4092 et

87 4139 262 4206 secundum
292 4141 498 4208 traditionem
527 4142 738 4227 apostolicam
759 4107 817 4224 ptir
838 4141 1022 4204 continuam
1044 4134 1176 4216 Episeo·
1288 4157 1293 4165 ·

86 4241 198 4324 porum
217 4247 458 4312 successionem
479 4258 672 4334 propagate,
695 4241 754 4310 sub
776 4263 913 4310 censura
936 4251 970 4306 et
990 4235 1176 4322 magisterio

87 4329 278 4427 infallibilis
298 4345 498 4416 Ειιιιιιιι
487 4363 679 4419 ιιιιιιιιιιι
702 4347 930 4420 custodiretur;
951 4340 1074 4426 liquido
1095 4357 1176 4404 rene

894 4455 968 4534 to*
