2784 4966
659 415 875 524 Q.

216 645 295 700 nent
311 635 352 717 ¹).
397 632 485 720 Ergo
514 651 610 716 qnnrn
638 631 752 698 Patres
780 633 918 697 seorsinr
946 631 1084 714 spectati
1110 631 1229 716 spiritu
1251 629 1321 699 bu·

154 737 161 812 ἶ
214 757 311 804 mano
340 735 513 822 loqssnn
534 749 569 802 et
596 755 705 801 errare
727 737 869 820 possint,
898 735 965 800 into
993 735 1126 818 ipsium
1146 735 1322 802 fateantur

214 861 251 906 se
272 841 403 926 saepias
429 859 573 916 οπως
602 844 777 908 sonoritas
805 843 902 908 unias
932 851 967 906 et
987 837 1123 906 altadas
1144 837 1182 904 S.
1203 837 1321 912 Patris

213 943 395 1011 tacentibus
429 941 565 1030 reliquis
593 963 659 1012 aon
675 957 832 1030 ,praestet
860 955 1086 1031 argumentum
1116 942 1249 1010 iirmuur
1279 947 1319 1010 in

211 1049 272 1129 iis,
307 1070 392 1133 qnae
421 1049 461 1114 ed
489 1071 517 1114 s.
551 1045 751 1134 Scripturae·
766 1051 1007 1134 expositionem
1036 1061 1070 1112 et
1100 1041 1318 1132 quaestiones

210 1150 291 1219 fidei
318 1175 506 1238 moramque
533 1151 707 1237 pertinent.
753 1151 835 1220 Cam
856 1174 934 1218 vero
963 1151 1142 1218 verisimile
1163 1173 1231 1217 non
1256 1155 1316 1233 sit,

212 1257 345 1324 eosdem
365 1277 475 1323 reram
496 1255 667 1324 Ecclesiae
689 1255 788 1323 fidem
808 1257 987 1344 ignoscere,
1009 1259 1074 1322 imo
1097 1253 1226 1340 plurimi
1250 1279 1314 1341 pro

212 1379 348 1426 munere
376 1358 622 1444 eeclesiastico,
652 1385 714 1448 qno
737 1363 869 1447 quisque
899 1359 1111 1448 fungebatur,
1141 1381 1183 1424 ne
1207 1367 1313 1446 petre·

211 1463 298 1529 erint
319 1463 447 1550 quidem
460 1463 552 1530 illam
573 1467 737 1554 ignorare,
759 1467 924 1531 sententia
933 1467 1005 1550 jans
1018 1465 1114 1529 nnius
1128 1463 1312 1530 alteriusve

210 1567 317 1636 Petris
338 1565 511 1652 probabile
523 1566 648 1657 ¹seltern
669 1569 852 1656 suppeditet
873 1580 1107 1656 argumentum.
1151 1569 1196 1636 Et
1215 1569 1310 1636 idern

208 1669 325 1754 Peter,
354 1675 384 1738 si
404 1683 441 1738 nt
457 1669 609 1754 privates
637 1685 762 1740 tsnmrn
789 1673 902 1740 doctor
921 1674 1118 1739 metentium
1138 1693 1232 1738 maru
1255 1673 1308 1740 di·

209 1775 265 1856 cit,
286 1758 349 1840 nob
364 1773 443 1862 plne
463 1771 566 1858 valet,
586 1797 680 1864 paese
695 1775 836 1862 probotr
856 1779 885 1844 si
905 1797 985 1842 vero
1005 1773 1148 1859 loquitur
1165 1789 1205 1842 nt
1217 1776 1307 1862 pet-

208 1877 308 1959 ttae,
334 1877 506 1943 masos
534 1877 631 1946 fldem
660 1884 749 1950 omui
772 1883 849 1968 jure
871 1893 1031 1961 meretur,
1060 1884 1254 1964 praesertim
1274 1887 1305 1950 ι’

205 1980 345 2070 speciali
371 1979 605 2066 approbatione
631 1989 752 2070 potitus
779 1987 833 2052 sit.
884 1983 1042 2063 Qernus
1071 1987 1160 2050 enirn
1188 1983 1303 2072 bajus-

207 2085 294 2152 modi
322 2087 385 2151 viri
413 2089 681 2170 praestantissimi
708 2089 843 2174 specieli
871 2085 1041 2155 Ecclesiae
1069 2077 1302 2172 approbatione

206 2189 322 2253 muniti
350 2201 521 2273 propterea
547 2211 614 2258 non
631 2195 703 2279 iarn
725 2193 767 2259 eb
789 2195 878 2260 omni
900 2213 1011 2259 errore
1031 2180 1161 2277 prorsus
1178 2196 1294 2260 isurun·

206 2311 266 2356 nee
287 2289 467 2374 praedicari
486 2292 628 2361 debcant
648 2295 694 2382 (d.
717 2303 793 2363 22¹.
816 2295 876 2362 rub
896 2295 989 2380 fin.);
1011 2309 1133 2378 umen,
1152 2317 1292 2363 meo-

203 2413 276 2460 rum
303 2393 482 2466 doctrinam
510 2405 698 2484 suspexerit
725 2399 834 2470 tidelis
863 2401 1018 2486 populns,
1053 2401 1299 2486 approbaverint

146 2569 152 2582 .
204 2497 374 2585 Episcopi,
403 2499 606 2571 defenderint
627 2505 696 2572 tut
719 2505 913 2587 Pontifices,
942 2509 1014 2592 ipra
1042 2505 1194 2574 concilis
1221 2527 1296 2573 nos

204 2623 250 2670 ex
271 2601 341 2672 illis
370 2605 513 2673 conflare
535 2629 679 2676 oenones
701 2631 768 2676 non
790 2609 1025 2691 dubitaverint,
1043 2609 1296 2696 pestutum

202 2705 288 2774 rorte
308 2711 473 2776 incnnere
494 2711 655 2796 videntur,
678 2717 732 2800 qni
753 2735 864 2780 eornm
887 2715 1068 2782 doctrinam
1083 2715 1299 2794 daerendsrn

195 2813 395 2894 ¹putaverint.
434 2813 539 2882 'aaut
560 2829 669 2884 entem
692 2831 754 2902 ert,
776 2819 817 2884 de
838 2839 917 2885 vere
938 2825 1041 2883 neate
1062 2817 1139 2885 talis
1156 2824 1300 2892 auctoris

201 2913 401 3002 disceptem
422 2917 525 3003 eliud,
547 2921 588 2987 ab
604 2943 656 3003 en,
678 2921 754 2994 tun
766 2921 865 3006 plena
880 2936 942 3002 eat,
954 2923 1121 2990 recedere.
1153 2923 1298 2990 Primum

201 3021 388 3106 qeertdoptte
398 3020 471 3088 fieri
492 3045 588 3108 posse
611 3027 828 3108 concedimus,
851 3027 988 3096 alterurn
1009 3025 1077 3091 riae
1089 3027 1225 3092 mmet
1234 3047 1297 3112 pe·
1385 3035 1386 3048 ¹

156 3141 161 3156 ¹
200 3119 304 3186 simio
323 3125 359 3190 in
380 3129 527 3193 meteriis
546 3130 596 3196 sic
608 3131 792 3218 approbetis
806 3134 995 3219 contingere
1009 3117 1106 3218 pos'se
1125 3153 1297 3222 negarim.

225 3321 263 3396 2.
297 3314 467 3394 Plurinnr
495 3320 561 3398 88.
589 3323 745 3430 Petrum
774 3347 985 3402 consensus
1011 3326 1266 3426 probabilior.

270 3467 313 3569 §-
335 3477 437 3550 8250
479 3471 594 3562 Neque
611 3475 792 3562 plurios·
812 3479 944 3546 Petrum
971 3482 1146 3546 auctoritas
1173 3483 1208 3546 in
1234 3479 1296 3547 de·

58 3651 62 3662 .
187 3567 340 3640 ‘mendo
369 3575 480 3664 aliquo
508 3579 659 3670 dogmate
688 3582 743 3650 vel
764 3588 791 3649 ι’.
815 3583 1004 3678 scripturae
1028 3582 1102 3652 ioco
1131 3587 1295 3670 interpre-

195 3677 294 3746 tando
315 3677 582 3778 irrefragabr'iess
603 3686 826 3756 cerandum
846 3689 948 3771 perit,
970 3688 1096 3770 siulfi,
1120 3703 1153 3754 et
1173 3691 1198 3755 ii
1220 3693 1295 3775 qni·

194 3779 271 3848 darn
286 3783 469 3867 panciores,
491 3791 602 3874 quiin
624 3795 820 3858 contrariam
841 3789 963 3858 abeant
985 3787 1191 3880 epiniouern,
1212 3795 1295 3862 doc·
1382 3855 1383 3866 ,

194 3885 280 3984 trina
307 3889 494 3974 ac'pietate
516 3912 605 3978 prae
633 3895 749 3960 retem
777 3893 920 3984 insignes
946 3911 1003 3962 ent
1028 3895 1147 3964 saltem
1174 3895 1296 3965 diaden
1382 3887 1383 3929 ¹

187 4007 292 4072 parer
318 4005 405 4060 eant.
455 3991 540 4062 Narn
566 3993 640 4064 fieri
668 4001 799 4066 omnine
829 4003 949 4084 potuit,
981 4015 1017 4068 ut
1044 3993 1160 4070 Patres
1187 4005 1296 4072 etiam

190 4093 380 4178 panciores,
413 4119 486 4164 curn
518 4105 711 4184 praesertim
738 4107 912 4170 sanctitate
941 4118 975 4172 et
1008 4105 1191 4174 eruditione
1221 4113 1297 4177 sint

191 4201 456 4284 praestantiores,
476 4223 667 4290 germanam
689 4221 745 4274 eut
765 4231 793 4275 s.
809 4207 995 4294 Scripturas
1016 4223 1074 4278 ent
1088 4209 1294 4284 'i'rnditionis

190 4309 400 4330 ψ

262 4353 558 4422 stacteum
579 4351 975 4422 &manserem
1000 4369 1073 4424 ren
1096 4369 1183 4443 (Aug.
1205 4373 1292 4430 vid.

193 4440 268 4495 1760.
286 4439 323 4495 11.
340 4441 373 4506 i.)
391 4441 478 4498 Praei.
496 4461 522 4517 p.
543 4453 584 4500 tt.
