2872 4972
221 593 317 674 turris
344 603 626 690 inexpugnabilis,
655 611 777 684 †397;
800 645 843 660 -
874 605 911 672 8.
933 605 1195 690 Hieronymus
1221 607 1315 674 Pres-

221 711 327 794 tyto,
356 713 443 774 vitae
471 711 653 774 sanctitatis
681 709 851 794 exemplar
876 713 1119 798 integerrimum
1139 725 1175 776 et
1203 727 1316 806 contra

220 815 414 882 Haeredcos
435 813 525 878 velut
545 813 599 878 leo
621 814 771 902 rugiens,
801 827 998 897 postremum
1025 817 1112 880 vitae
1133 829 1264 900 tempus,
1279 821 1315 882 iu

197 897 331 982 ‘eremo
353 914 627 981 Bethlehemitica
656 921 741 984 inter
763 921 915 984 continua
936 921 1066 1002 pietatis
1088 917 1315 986 subtererant
1434 995 1435 1010 χ

220 1025 379 1090 exercitia
400 1025 568 1108 transegit,
591 1029 610 1100 †
632 1046 661 1113 c.
684 1029 766 1098 4203
790 1062 831 1074 —
856 1007 894 1088 8.
914 1023 1168 1109 Augustinus
1188 1023 1313 1110 Hippo-

24 1125 27 1132 ’
79 1212 82 1222 Ι
216 1126 323 1193 nurus
344 1127 379 1189 iu
402 1124 511 1190 Africa
532 1123 730 1210 Episcopus,
753 1126 979 1214 theologorum
1000 1130 1034 1192 in
1057 1124 1235 1192 Occidente
1256 1151 1313 1211 pa·

217 1253 294 1298 rens
317 1243 413 1316 atque
436 1232 605 1316 magister3
629 1233 752 1295 eximia
773 1234 860 1296 vitae
882 1233 1108 1310 sanctimonia,
1132 1231 1227 1296 oditis
1249 1229 1313 1296 lib·
1389 1251 1393 1270 ¹

217 1341 262 1402 ris
283 1333 461 1417 relatisque
491 1335 531 1399 de
561 1333 762 1414 Haeresibns
789 1335 1001 1431 Asianorum,
1031 1334 1311 1416 Manichaeorum,

1 1453 2 1466 ¹
59 1483 64 1494 ·
148 1511 167 1526 ,
217 1441 464 1508 Donatistarum
486 1452 520 1503 et
534 1437 785 1526 Pelagiancrum
806 1441 949 1504 victoriis
972 1447 1040 1504 t'oto
1063 1439 1141 1504 orbe
1163 1425 1311 1504 celeber-

216 1549 376 1625 rimus‚†
404 1549 485 1618 4303
516 1580 559 1596 -
590 1540 628 1606 8.
656 1540 735 1606 Leo
764 1541 1112 1630 magorus'l'ouhffeo
1140 1541 1311 1622 Rosam,
1434 1547 1435 1568 ¹

216 1669 314 1712 verae
342 1645 420 1710 fidei
448 1647 622 1710 acerrimus
650 1648 866 1732 propugnator
895 1644 1032 1728 zeloque
1061 1645 1230 1734 religionis
1252 1669 1311 1711 ne·

216 1754 296 1816 mini
317 1749 489 1828 secundus,
511 1748 551 1812 de
574 1747 640 1813 Dei
661 1747 830 1816 Ecclesiae
854 1763 887 1813 et
907 1751 1059 1814 universo
1080 1773 1181 1838 grege
1195 1751 1311 1824 Domi·

157 1833 161 1850 ¹
217 1858 290 1919 nico
312 1867 421 1937 pastor
442 1853 547 1918 bonus
570 1855 688 1934 optime
710 1857 855 1932 meritus,
878 1861 897 1933 †
918 1859 1000 1928 4613
1022 1875 1065 1906 ⁴-
1097 1851 1135 1919 8.
1162 1853 1310 1941 Grego-

179 1962 184 1978 '
214 1957 305 2022 rius
326 1959 405 2022 item
419 1955 576 2038 Pontifex
588 1954 759 2038 Romanus,
782 1962 835 2042 qui
858 1971 949 2023 tanta
970 1981 1027 2042 pro
1040 1957 1127 2024 bono
1140 1957 1311 2050 Ecclesiae

97 2069 100 2084 ⁸
215 2064 329 2148 gessit,
351 2062 494 2143 scripsit,
517 2061 643 2142 docuit,
671 2075 707 2126 nt
727 2059 901 2148 Magnus
922 2061 1019 2126 suerit
1040 2054 1238 2145 appellatus,
1260 2067 1311 2127 vir

136 2245 139 2252 ,
170 2216 173 2229 s
219 2170 365 2232 eminens
387 2166 544 2252 singulari
566 2169 652 2230 vitae
674 2168 846 2230 sanctitate
869 2180 964 2250 etque
979 2166 1172 2246 hrunilitate,
1194 2172 1311 2244 †6⁰t;
1419 2205 1422 2216 ·

191 2309 257 2338 ,-
282 2269 319 2336 8.
355 2268 516 2335 Thomas
543 2269 689 2354 Aquinus
718 2269 913 2364 Aquinatum
941 2273 1091 2335 consitum
1120 2269 1224 2335 nobili
1251 2293 1310 2357 ge·

215 2388 414 2452 uenenatas,
442 2372 572 2438 Ordinis
585 2371 850 2437 Praedicator'ura
870 2371 1123 2440 illustrissimum
1144 2373 1244 2454 sidus,
1267 2372 1309 2438 ab

214 2483 315 2544 ιιιὶιιιὶ
343 2479 519 2569 eruditione
549 2475 727 2542 subtilitate
749 2499 787 2542 ec
814 2475 1032 2542 foecunditate
1053 2477 1178 2546 Ductor
1206 2477 1311 2543 dictus

213 2582 396 2670 angelicus,
428 2579 585 2669 angelicis
613 2583 692 2646 item
713 2581 856 2648 moribus
877 2583 1032 2669 insignis,
1055 2580 1218 2648 ruir'amlis
1241 2581 1309 2647 ola·
1338 2563 1342 2586 '

212 2709 286 2766 rus,
315 2691 459 2775 †1224;
483 2726 532 2738 ι-
565 2683 601 2751 8.
625 2684 928 2764 Booooenturo,
966 2677 1040 2750 Orod
1069 2683 1108 2754 8.
1134 2681 1310 2752 Franciscs‘

139 2843 141 2848 ,
213 2780 396 2856 Monachus
418 2803 452 2854 et
474 2789 662 2869 Generalis,
689 2791 764 2856 dein
786 2789 984 2874 Albanensis
1007 2784 1183 2872 Episcopus
1213 2801 1246 2853 et
1270 2787 1307 2853 8.

210 2892 553 2972 istaccrescere,
582 2897 618 2959 in
646 2893 824 2976 disciplinis
853 2892 1045 2980 theologicis
1075 2893 1309 2987 eruditissimus

212 2997 351 3081 indeque
372 2995 499 3062 mator
522 2995 717 3082 Seraphicus
739 2999 983 3084 cognominatus
1005 3003 1024 3076 †
1048 2999 1143 3062 12⁷4.

531 3210 568 3283 b.
620 3209 752 3284 Patres
778 3147 987 3288 Ecclesiae.

445 3371 446 3376 ’
479 3385 533 3426 uu.
564 3359 629 3428 88.
653 3359 797 3427 Patres
817 3363 1057 3449 Apostolici.

276 3519 306 3606 §-
323 3527 388 3596 150
418 3519 509 3584 luter
523 3519 649 3598 Patres,
673 3543 752 3601 quos
768 3542 833 3584 non
846 3519 1025 3584 solenniter
1040 3531 1073 3583 et
1084 3541 1143 3603 per
1160 3521 1307 3586 eminen-

193 3627 289 3690 tiam
301 3623 458 3703 Doctores
471 3623 647 3688 declaravit
660 3623 820 3702 Ecclesia,
841 3627 975 3706 primum
991 3625 1098 3690 locum
1116 3639 1229 3690 tenent
1240 3624 1307 3690 Pu·

207 3738 275 3794 tres
288 3727 471 3814 apostolici,
494 3732 548 3813 qui
560 3751 677 3812 nempe
690 3725 910 3812 mercatores
924 3729 1078 3815 discipuli
1091 3737 1123 3793 et
1144 3729 1308 3812 adjutores

207 3833 347 3914 buerant,
368 3835 417 3897 uti
432 3830 469 3898 8.
491 3829 701 3898 Bumodus
716 3829 852 3914 Cyprius
867 3831 1002 3898 Levites
1024 3855 1096 3898 cum
1113 3835 1186 3899 divo
1202 3831 1306 3900 Paulo

207 3938 359 4026 gesion.
380 3935 540 4021 apostolus
561 3937 753 4015 ordinatus,
782 3935 956 4001 virbonus
984 3951 1017 4001 et
1044 3937 1161 4020 plenus
1183 3937 1306 4021 Spiritu

203 4055 321 4108 sancto
345 4040 475 4122 ethic,
497 4049 517 4120 †
539 4063 568 4104 c.
592 4045 654 4114 ⁷63
676 4026 720 4088 -⁸—
744 4038 781 4105 8.
803 4039 985 4119 Hermus,
1008 4044 1099 4126 cujus
1121 4041 1241 4108 Paulus
1264 4042 1307 4107 ad

208 4147 371 4214 Romanos
400 4145 545 4212 scribens
575 4146 738 4224 meminit,
774 4157 884 4210 auctor
906 4143 1005 4226 libri,
1036 4149 1091 4230 qui
1118 4146 1306 4212 inscribitur

207 4249 325 4315 Pastor
352 4263 386 4314 et
412 4252 447 4314 in
469 4247 635 4312 nonnullis
656 4247 815 4314 Ecclesiis
843 4252 942 4314 etiam
970 4249 1098 4334 publice
1120 4249 1304 4338 legebatur,

205 4363 224 4434 †
241 4378 269 4418 c.
284 4360 343 4430 963
358 4388 402 4403 -
419 4351 456 4418 8.
474 4352 648 4418 Clemens
661 4343 869 4432 Romaest,
891 4353 986 4420 Pauli
1000 4355 1108 4420 socius
1120 4358 1156 4420 in
1172 4369 1303 4442 aposto·
