2784 4966
586 421 662 488 3⁷3

74 659 136 720 qne
160 589 302 721 negotiis
324 637 482 718 occupati,
504 615 613 700 temen
636 637 709 700 huic
732 657 856 718 quoque
879 635 986 702 officio
1005 651 1166 704 vacarent.
1267 649 1274 658 ’

73 737 329 824 Reprehendunt
350 738 480 823 quidem
503 751 536 804 ct
556 743 591 804 in
613 739 674 804 hoc
696 737 857 805 scribendi
879 761 1000 826 genere
1019 739 1169 806 nonnulli

71 832 324 927 vituperatores,
347 844 432 928 quod
453 865 497 909 ss.
520 843 634 908 Patres
655 841 751 908 raim
773 845 852 906 artis
866 843 1047 908 rhetoricae
1062 845 1167 913 studio

70 948 182 1026 dediti,
205 947 336 1012 crebras
357 947 528 1012 verborum
540 941 676 1033 figures
697 960 732 1012 et
745 944 882 1026 colores,
906 960 940 1010 et
953 949 1083 1012 ommno
1099 946 1168 1013 elo·

73 1055 240 1137 quentiam
269 1072 331 1114 neu
353 1051 434 1114 sutis
461 1051 654 1133 nodvotost
675 1052 734 1116 s‘ed
763 1053 920 1140 turgidam
945 1075 990 1118 ac·
1005 1053 1167 1119 declama-

75 1160 191 1222 toriam
213 1157 330 1222 sectati
351 1158 432 1240 sint3
455 1155 694 1238 reprehendunt
715 1181 830 1240 porro,
862 1159 945 1243 quod
967 1159 1081 1239 iidem,
1111 1159 1169 1225 nbi

72 1263 111 1327 de
134 1261 256 1328 divinis
282 1259 380 1326 rebus
402 1259 625 1324 dimemndum
648 1274 736 1342 erat,
767 1265 909 1328 oratorie
930 1275 1026 1347 atque
1049 1285 1089 1328 es
1111 1283 1168 1326 er·

5 1361 19 1390 ²
71 1372 223 1454 guamo
253 1385 351 1446 seepe
374 1353 606 1451 adhibuerint,¹
629 1387 711 1448 quae
733 1365 1021 1449 adprobationem
1041 1365 1167 1435 firmem
1227 1391 1230 1402 ’
1307 1383 1324 1408 *

71 1469 275 1553 solidamque
296 1467 398 1531 ssirrus
420 1475 500 1551 epta
520 1467 651 1532 inerint.
697 1468 763 1534 Sed
785 1473 868 1536 istae
891 1473 1169 1536 crimininationes
1240 1541 1242 1547 ,

71 1573 125 1639 vel
146 1595 279 1659 prorsus
300 1593 405 1636 vanae
420 1570 475 1635 vel
491 1571 661 1637 admodum
683 1586 772 1639 certe
785 1577 916 1659 iniquae
933 1589 1018 1640 suut.
1063 1573 1168 1642 Aluo-

72 1681 115 1744 ris
138 1681 227 1744 euim
251 1689 284 1741 et
305 1688 527 1762 exaggeratee
551 1678 708 1742 orationis
722 1678 912 1763 plerumque
932 1699 984 1742 res
1005 1677 1080 1762 ipso
1094 1701 1168 1744 osu·

71 1804 141 1850 sam
165 1782 265 1848 dedit·
309 1778 395 1857 Quid
418 1781 516 1859 euim,
540 1781 625 1864 qood
645 1783 680 1845 in
702 1803 747 1846 ss.
770 1785 932 1865 mysteriis
955 1780 1112 1863 colendis,
1134 1785 1168 1847 in
1283 1819 1287 1828 ·

70 1883 274 1953 emtionibus
296 1883 489 1949 Sanctorum
515 1887 737 1970 panegyricis,
765 1888 800 1949 iu
829 1885 1051 1950 describendis
1078 1886 1168 1950 Mar·
1233 1892 1239 1904 ⁸

72 2005 176 2076 tyrum
199 1989 370 2055 virtutibus
392 2009 457 2053 non
480 1990 515 2052 iu
537 1987 677 2071 simplici
699 1991 1006 2054 commemoratione
1020 1991 1167 2072 aequies-

71 2093 210 2163 cendum
239 2115 312 2160 esse
339 2091 509 2177 putarent!
537 2093 632 2176 qnid,
664 2093 748 2177 qnod
769 2093 810 2157 de
838 2093 936 2158 rebus
959 2092 1168 2159 divinissimis

70 2201 270 2268 disserentes
288 2197 433 2278 ‚coelesti
461 2197 552 2280 quasi
581 2197 680 2260 animi
710 2196 822 2266 afflatu
848 2199 883 2260 in
904 2195 1030 2264 altiora*
1053 2217 1168 2292 arcon.

70 2305 207 2372 derentl
229 2303 314 2388 qnod
336 2301 576 2366 declamatoriis
598 2298 770 2366 verborum
790 2299 935 2380 floribus,
960 2313 993 2366 et
1013 2321 1072 2384 per
1092 2323 1168 2384 pro·

69 2429 268 2494 sopopoeem
290 2407 436 2500 aliasque
458 2403 637 2470 rhetorices
658 2404 779 2492 figuras
796 2427 965 2472 sermones
980 2429 1055 2472 suos
1067 2428 1168 2490 pane·

69 2517 200 2604 gyrinos
222 2524 387 2590 ornarent,
408 2523 445 2574 nt
467 2521 557 2572 tento
579 2511 684 2594 magis
707 2510 749 2575 ad
770 2511 901 2576 Piorum
923 2509 1077 2594 exempla
1093 2513 1167 2575 imi·

70 2617 171 2683 tanda
194 2629 228 2681 et
247 2613 450 2700 imploranda
465 2611 657 2677 Sanctorum
669 2614 833 2696 praesidis
845 2613 960 2680 fideles
971 2614 1167 2680 incitarentl

69 2723 224 2807 Denique
260 2742 332 2786 cum
366 2715 569 2784 sermonibus
598 2716 728 2782 Petrum
766 2719 981 2802 antiquiorum
1014 2717 1168 2784 adessent

70 2849 138 2893 non
160 2827 256 2892 modo
277 2820 420 2902 Fideles,
443 2821 502 2888 sed
525 2835 558 2885 et
583 2820 822 2901 catechumeni,
844 2825 909 2886 imo
930 2821 1066 2908 Pegasi
1088 2844 1166 2905 quo·

70 2952 134 3017 que
157 2945 191 2996 et
211 2929 332 2995 ludaei
352 2951 391 2994 ac
411 2923 592 3003 Haeretici,
615 2927 691 3009 quid
713 2928 840 3007 mirum,
863 2927 948 3011 quod
968 2929 1003 2992 in
1022 2925 1166 2992 homiliis
1214 2919 1240 2997 ’,

68 3037 201 3102 Petrum
223 3057 399 3121 permagna
420 3035 462 3098 sit
484 3030 674 3095 diversitasl
704 3030 801 3114 quod,
824 3044 860 3094 ut
881 3031 1016 3097 dirersis
1039 3031 1165 3096 audito·

68 3163 143 3206 rum
164 3161 295 3205 suorum
316 3139 458 3226 ingeniis
481 3149 513 3200 et
535 3133 772 3200 conditionibus
794 3155 831 3199 se
849 3139 1107 3216 accomodarent,
1129 3139 1165 3200 in

69 3265 170 3310 omne
202 3247 294 3328 quasi
320 3243 406 3310 latus
434 3263 508 3310 sese
537 3253 665 3306 vertere
696 3255 906 3328 cogerentur;
936 3263 1021 3308 none
1044 3241 1164 3306 altissi-

69 3369 159 3414 mam
188 3362 298 3432 petere
325 3347 554 3435 theologiam,
571 3369 609 3411 ac
632 3347 798 3412 recondite
822 3351 975 3432 mysteria
998 3367 1081 3438 nunc
1104 3366 1165 3409 ex·

68 3453 205 3537 plicaret
228 3475 313 3518 nunc
334 3451 465 3518 silentio
487 3454 684 3535 praeterire,
700 3451 760 3516 ¹vel
783 3452 948 3516 obscurius
971 3461 1093 3512 tantum
1116 3460 1165 3510 at·

69 3550 219 3644 tiegere3
240 3579 325 3622 nuno
348 3557 387 3620 sd
409 3555 551 3622 selectos
573 3579 611 3621 ac
632 3555 803 3650 plurimum
826 3553 968 3618 eruditos
991 3551 1164 3630 auditores,
1249 3615 1255 3628 ,

68 3685 159 3728 nune
180 3663 223 3727 ad
243 3661 340 3727 rudes
362 3676 396 3726 et
417 3665 548 3748 ignaros
570 3660 678 3744 populi
700 3658 816 3722 fideles
839 3677 1022 3722 sermonem
1036 3657 1165 3718 institu-

68 3789 129 3832 ere
143 3735 326 3831 debebanti
370 3765 513 3842 Accedit,
536 3765 622 3849 quod
642 3785 687 3828 ss.
710 3763 822 3827 Petras
845 3781 1013 3826 sermones
1033 3781 1110 3824 suos
1130 3769 1167 3822 ut

67 3873 244 3960 plurimum
264 3867 423 3954 imparati
443 3869 666 3954 proferebant5
688 3887 878 3952 quamquam
901 3868 987 3930 inter
1003 3863 1064 3927 bos
1078 3865 1166 3946 ipsos

68 3999 138 4054 non
162 3976 279 4040 desunt
294 3978 457 4041 orationes
472 3973 619 4036 eruditae
632 3995 670 4038 se
680 3969 876 4056 perpolitae,
900 3991 979 4052 quas
993 3989 1050 4051 per
1065 3969 1165 4032 otium
1182 4061 1186 4068 ι
1210 3967 1212 3976 ’

68 4081 236 4164 multaque
258 4099 330 4146 cum
353 4079 523 4164 diligentie
544 4089 658 4162 postea
680 4077 948 4157 conscripserunt.
983 4070 1065 4149 Qun
1078 4073 1166 4136 enirn

66 4209 138 4252 non
151 4185 288 4250 miratur
301 4181 484 4268 hujusmodi
497 4178 560 4246 SS.
577 4179 745 4258 Basilii,
768 4175 1048 4280 Odrysosiesti,
1070 4173 1165 4239 Ber·
1199 4215 1203 4267 4
1262 4257 1265 4264 Ι

68 4287 194 4353 sordi
215 4287 365 4353 bomiliss
389 4309 426 4352 ac
447 4307 630 4364 sermones,
653 4286 707 4369 qui
728 4283 1014 4367 praestantissimis
1035 4279 1090 4344 vsi
1110 4277 1163 4342 io·
1229 4297 1233 4316 ·

69 4393 201 4496 disdraus
223 4392 404 4458 oratoribus
427 4390 578 4474 exemplo
602 4411 675 4458 esse
697 4391 848 4473 possunt!

1234 4341 1254 4380 l
