2790 4978
533 393 739 502 Q
762 431 767 438 .

84 613 207 676 atinum
236 633 302 674 non
331 609 519 676 dissimilem
527 655 536 668 -.
546 609 586 672 de
614 607 807 674 traditione
825 581 1019 676 sententiam
1040 633 1176 701 propug-

85 737 182 780 naaae
206 713 350 798 pluribus
371 712 453 779 locie
476 717 671 802 cognoverit.

84 986 168 1074 tv.
210 989 428 1076 amcino·
446 991 626 1128 iintrum
667 994 724 1075 in·
750 977 981 1104 theologia
1021 993 1176 1076 morali

316 1129 329 1142 '
491 1137 538 1215 et
568 1133 773 1217 ascetica.
1212 1137 1218 1156 ⁸

171 1314 334 1401 §.1000t
367 1315 427 1380 SS.
456 1317 569 1384 Patres
596 1331 671 1382 sunt
697 1321 775 1382 item
802 1319 1070 1408 praestantissimi
1090 1318 1175 1382 doc·

83 1420 228 1483 trione
254 1440 396 1484 moram
424 1419 684 1486 christianae
711 1423 855 1506 magistri
882 1421 991 1486 verbio
1018 1421 1114 1487 ιίιιιιιΙ
1144 1433 1186 1516 et!

85 1523 249 1607 exemplis
271 1523 426 1589 docendo.
473 1522 573 1608 Cujus
594 1525 724 1608 gendrir
746 1537 919 1606 praecepta
947 1525 1085 1590 moralia
1106 1522 1176 1590 fere

83 1626 190 1690 edicit
218 1631 251 1692 in
274 1617 402 1711 scriptia
430 1631 496 1693 ruis
518 1641 714 1708 tractarunt,
736 1632 771 1692 in
793 1629 940 1692 Hoeeiliie
964 1643 996 1693 et
1019 1630 1175 1694 set-noa-

83 1729 156 1808 tue,
186 1753 321 1814 quornm
347 1744 536 1818 argumenta
564 1731 717 1817 pleraque
745 1732 887 1798 fidelium
915 1755 1022 1798 mores
1043 1756 1198 1828 concer-⁸

83 1847 180 1908 nunt3
203 1837 238 1899 in
261 1836 410 1917 operibns
433 1836 623 1921 exegeticis,
646 1839 680 1900 in
703 1835 817 1918 quibua
840 1839 1028 1918 saepissime
1052 1836 1086 1900 S.
1111 1836 1175 1902 Co·

83 1937 163 2003 dicia
186 1939 284 2004 effata
306 1940 348 2004 ad
369 1943 539 2016 sanctioris
560 1941 646 2004 vitae
663 1939 802 2004 anodiam
818 1931 1005 2014 traxerunt3
1026 1942 1062 2004 in
1076 1942 1174 2021 scrip·

86 2045 127 2108 tie
155 2042 361 2128 agatem,
389 2044 446 2108 uhi
469 2044 618 2130 dogmate
641 2043 749 2128 aliquo
774 2048 922 2128 exposito
951 2065 1016 2108 non
1038 2065 1112 2107 raro
1135 2043 1176 2108 ad

83 2144 222 2212 moralia
250 2147 386 2233 digressi
405 2161 506 2230 'rnntt
535 2151 570 2212 in
591 2146 733 2212 tinctio
754 2149 874 2212 taen't·
888 2161 923 2212 et
942 2147 1019 2212 citit
1041 2145 1174 2212 Sancto·
1198 2166 1209 2182 ’

83 2269 168 2328 m,
199 2253 234 2314 in
257 2251 372 2334 quibua
399 2253 479 2315 item
507 2271 664 2334 persaepe
695 2241 853 2328 exhibitis
883 2273 994 2316 eorum
1017 2250 1177 2334 exemplis

82 2353 226 2418 lectoren
253 2354 308 2418 vel
335 2355 498 2420 auditores
529 2355 571 2419 ad
597 2355 784 2420 sectandam
806 2359 957 2420 virtutem
980 2357 1175 2420 excitarunt.

81 2460 190 2543 Atque
211 2459 296 2524 hanc
318 2481 443 2524 morum
465 2460 643 2523 doctrinam
665 2459 846 2524 beatissimi
859 2459 972 2524 Patrae
995 2480 1040 2522 ex
1061 2457 1176 2543 genui·
1253 2485 1258 2496 ·

81 2565 133 2628 nir
155 2585 184 2627 a.
208 2561 392 2646 Scriptorae
422 2575 455 2626 et
476 2561 673 2645 apostolicae
697 2559 897 2626 Traditionie
927 2561 1068 2626 fontibus
1096 2559 1176 2624 hau·
1226 2555 1235 2572 ‘
1365 2587 1368 2595 ·

81 2679 213 2746 rerunt,
236 2680 269 2730 et
291 2667 441 2732 methodo
463 2664 567 2730 solida
590 2678 622 2728 et
643 2663 787 2730 fidelium
809 2659 915 2747 captiti
937 2665 1177 2729 accommodata
1202 2719 1207 2730 .

82 2771 302 2850 tradiderunt,
339 2791 406 2834 non
440 2770 545 2834 solum
573 2767 743 2854 generalia
773 2769 832 2832 aed
862 2771 961 2836 etiam
991 2768 1177 2855 angelerio

79 2874 250 2940 doctrinae
276 2874 410 2940 moralia
439 2875 545 2956 capita
568 2873 800 2956 explanantes,
831 2895 869 2938 ae
890 2866 1121 2938 devirtutibue
1144 2885 1177 2938 et

79 2980 171 3042 vitiis
200 2978 368 3044 christiani
390 2978 530 3064 hominis
553 2972 703 3054 omnino,
733 2998 883 3041 necnon
907 2977 947 3042 de
971 2977 1085 3042 officiis
1107 2980 1175 3042 rin-

16 3133 19 3143 .
79 3080 232 3167 golornm
262 3062 409 3148 ordinum
437 3094 471 3144 et
492 3080 665 3164 cujuslibet
693 3103 794 3147 sexus
817 3093 850 3144 et
872 3082 989 3146 aetatis
1011 3081 1176 3146 hominum
1242 3141 1249 3152 .

77 3189 115 3250 in
128 3188 239 3267 specie
253 3185 461 3250 disserentes·
494 3183 606 3267 Neque
619 3185 654 3248 in
669 3184 731 3250 hoo
746 3184 816 3250 solo
830 3179 1078 3268 acquieverant,'
1092 3185 1178 3270 qood
1217 3225 1220 3231 f

79 3311 123 3353 ea
145 3289 319 3376 Evangelii
343 3295 523 3371 praecepta
551 3287 686 3351 morelio
717 3289 891 3368 docerent,
921 3312 1005 3373 quae
1028 3290 1176 3355 omnibus

77 3389 234 3456 fidelibus
262 3405 338 3458 anot
365 3391 584 3480 obaervenda,
616 3391 674 3456 aed
702 3394 801 3455 etiam
831 3393 967 3456 canitic
990 3392 1177 3478 weregele'co

76 3497 344 3562 commendantes
366 3496 408 3560 ad
430 3497 676 3562 eminentiorem
698 3497 784 3558 vitae
799 3499 1004 3562 sanctitatem
1016 3519 1082 3562 non
1096 3521 1175 3580 pau-

54 3603 139 3666 'eoa
162 3612 355 3678 evexerunt,
377 3603 480 3664 itaut
502 3599 658 3664 abdicatis
679 3597 776 3662 reboo
798 3599 975 3680 omnibua,'
992 3615 1025 3664 et
1046 3605 1080 3665 in
1101 3625 1174 3684 per·

76 3713 181 3785 petua
208 3705 394 3788 virginitate
431 3703 587 3788 degentes
617 3701 841 3785 perfectiorem
871 3705 1000 3768 vivendi
1030 3727 1176 3771 normam

77 3805 356 3888 amplecterentur
368 3809 429 3870 viri
440 3803 672 3883 Ancehoretee,
694 3801 857 3884 temeti,
880 3829 940 3873 nec
956 3830 1021 3873 non
1035 3809 1175 3878 feminae

86 3907 243 3994 Virginea.
259 3909 313 3974 vel
342 3906 465 3974 tecuae
486 3907 556 3975 Deo
577 3916 730 3974 sacratae
753 3922 786 3974 et
809 3907 1087 3981 Sanctieontatet.
