2872 4972
639 371 644 378 ’
750 391 892 507 ,rof

239 629 354 710 ¹terum
370 613 584 680 nemoradit.
618 613 899 708 Apostolorum
921 604 1251 678 constitutiones
1268 613 1340 678 ote·

249 739 333 784 um
360 717 390 782 Ι.
425 715 583 782 Romarm
612 715 768 800 Pontifex
802 719 837 798 (†
866 719 944 800 tot)
973 715 1147 802 cobdcgiese
1181 716 1265 784 falso
1290 718 1340 784 di·

249 825 348 900 citur,
379 843 451 886 curn
473 819 638 900 Laetorio,
663 819 880 899 Scottum,
910 819 1125 886 Potn'orckoo
1151 825 1284 888 nonina
1304 826 1339 888 in

149 979 152 986 .
248 929 290 991 iis
312 925 499 1002 obveniant,
522 927 576 1007 qui
597 925 715 1010 gradus
737 925 940 992 hierarchiae
962 925 1061 1011 louge
1082 938 1174 1008 post,
1197 939 1231 990 at
1251 926 1338 992 Lec-

248 1043 372 1094 toratus
395 1029 523 1113 quidem
546 1029 623 1094 ordo
645 1028 816 1113 cubfinom
830 1031 958 1096 demum
972 1028 1074 1095 seculi
1088 1029 1231 1109 secundi,
1255 1027 1338 1094 Sub·

66 1123 69 1131 Α
129 1169 130 1174 1
247 1135 436 1200 diaconatus
457 1133 564 1198 medio
588 1136 703 1212 tertio,
726 1132 966 1200 Patriaccbatns
988 1133 1101 1214 titulus
1122 1134 1204 1200 adeo
1227 1136 1339 1217 quinto

145 1309 156 1322 ⁸
210 1248 216 1261 “
249 1237 356 1304 medio
379 1237 578 1304 introductus
602 1251 661 1303 cu.

675 1433 705 1498 b.
733 1435 908 1500 Animus.
1021 1504 1025 1514 ¹

162 1599 168 1611 ’
241 1553 246 1559 ⁵
333 1574 364 1661 b·
386 1541 459 1652 diis
501 1575 604 1641 Liber
625 1578 714 1655 item,
738 1577 792 1658 qui
813 1589 867 1640 res
888 1571 943 1638 vei
964 1571 1050 1636 iacta
1072 1573 1233 1651 continet,
1258 1592 1338 1655 qno·

232 1701 317 1746 rum
338 1679 425 1746 fictio
441 1677 642 1762 sobolom
663 1679 717 1745 vel
738 1679 887 1745 manibus
899 1677 1024 1762 palpari
1037 1689 1155 1759 potest,
1178 1688 1233 1740 aut
1254 1695 1335 1739 aaa·

247 1785 405 1849 tentius
426 1785 585 1870 impios,
609 1799 664 1850 aut
686 1785 928 1849 contrarius
949 1785 1002 1862 iis,
1026 1801 1107 1865 quae
1123 1779 1210 1845 idern
1229 1793 1339 1846 anoton

144 1941 149 1964 ι
245 1891 280 1954 in
302 1892 444 1976 genuino
473 1889 581 1974 aliquo
611 1901 645 1955 et
670 1890 851 1962 indubitato
882 1909 980 1972 opere
1007 1884 1192 1970 profitetur,
1222 1889 1338 1950 merito

245 1995 280 2058 in
301 1994 421 2059 fraudis
443 1998 659 2078 suspicionem
674 1987 802 2060 incidit.
849 1991 885 2058 S.
908 1991 1038 2079 Ignatii
1064 1989 1235 2072 putabatur
1265 2011 1339 2056 esse

170 2123 174 2130 ·
246 2097 383 2182 epistola
413 2100 570 2182 quaedam
601 2103 653 2164 ud
673 2097 979 2182 Philippenses,
1007 2115 1089 2179 quae
1113 2097 1220 2177 opinio
1243 2113 1338 2178 quarn

244 2205 288 2268 sit
315 2225 453 2269 erronea
481 2203 535 2268 v'el
558 2227 602 2268 ex
626 2225 665 2268 ec
688 2201 904 2281 concluditur,
936 2201 1020 2286 quod
1041 2203 1076 2264 in
1095 2221 1157 2278 ea,
1187 2201 1241 2282 qui
1262 2199 1337 2263 aab·

244 2305 321 2371 bato
339 2309 546 2391 jejunarent,
572 2305 789 2372 Christicidoe
810 2329 869 2371 seu
890 2304 1033 2372 Moesiae
1061 2303 1214 2368 occisores
1243 2303 1334 2368 andi·
1430 2291 1431 2298 ἵ

241 2423 314 2491 unt,
338 2425 371 2474 et
385 2410 576 2496 apostropha
599 2411 636 2474 iu
650 2409 824 2474 matous·
843 2413 913 2476 viro
927 2409 1105 2494 apostolico
1120 2409 1226 2472 minus
1239 2399 1339 2492 ἆίςιιιι

244 2515 426 2580 adhibetur.
464 2513 622 2580 Similiter
634 2535 717 2598 quae
740 2517 877 2579 occurrit
897 2517 934 2579 in·
957 2508 1339 2578 Constitutiom'bua

244 2620 486 2704 opottolioo'r
508 2619 652 2697 collatio,
677 2639 745 2701 qua
754 2619 942 2701 Episcopus,
964 2615 1137 2698 Presbyter
1160 2627 1193 2678 ct
1214 2613 1338 2680 Diaco-

243 2743 304 2789 nuo
327 2747 399 2789 cum
429 2724 559 2788 trimme
580 2721 667 2802 Deo,
696 2725 776 2786 item
798 2721 964 2787 Diacouus
994 2734 1027 2784 et
1047 2719 1242 2784 Diaconissa
1264 2737 1338 2782 curu

246 2827 372 2894 Christo
386 2825 466 2906 filio
488 2849 526 2891 ac
550 2824 681 2910 Spiritu
706 2824 826 2890 Sooocto
848 2825 918 2898 Deo
940 2837 1182 2908 comparantur,
1204 2843 1338 2905 prorsus

244 2931 397 2996 abhorret
419 2953 439 2995 a
460 2933 557 3017 genio
582 2931 617 2994 S.
643 2929 811 2995 Clementis
832 2927 984 3007 Romani,
1008 2932 1059 2993 cui
1079 2927 1162 2993 illud
1180 2947 1258 3010 opus
1274 2924 1337 2990 ali·

243 3035 394 3120 quamdiu
423 3037 620 3101 acccnritum
651 3048 711 3100 est.
763 3034 816 3100 De
845 3032 1059 3118 opusculis
1088 3031 1338 3118 quibusdum,

243 3161 325 3224 quae
352 3139 399 3216 D.
422 3139 604 3225 Augustino
634 3138 713 3203 olim
735 3136 937 3217 tribuebant,
968 3140 1037 3220 ipse
1061 3135 1095 3200 S.
1118 3135 1216 3202 Pater
1237 3138 1270 3198 in
1293 3133 1338 3200 li·

241 3243 308 3308 bris
337 3243 378 3306 de
403 3241 545 3320 Ciuitate
565 3241 633 3306 Dei
655 3243 775 3324 absque
806 3239 902 3305 dubio
931 3243 1082 3327 genuinis
1105 3253 1214 3324 aperta
1245 3239 1338 3318 dicit,

242 3346 325 3412 nibil
346 3345 413 3411 talc
436 3367 456 3410 a
478 3369 515 3411 sa
537 3367 677 3430 unquam
699 3348 850 3429 scriptum
873 3363 958 3408 etse.

666 3561 695 3603 c.
733 3537 908 3622 Stolos.

327 3679 357 3765 b·
394 3687 464 3755 45.
515 3675 675 3762 stylos,
716 3681 877 3762 totiusque
916 3680 1071 3744 orationis
1107 3683 1338 3754 contextae,

241 3783 450 3870 modusque
472 3785 638 3850 dicendi
659 3782 774 3869 longe
796 3784 984 3848 diversus
1006 3783 1047 3847 ab
1071 3803 1122 3864 co,
1146 3803 1208 3866 quo
1230 3783 1265 3845 in
1276 3799 1338 3865 gc-
1403 3861 1420 3878 θ

241 3887 351 3952 nuino'a
379 3891 445 3954 suis
476 3890 625 3973 operibus
654 3911 730 3954 usus
761 3901 811 3953 est
833 3902 960 3970 auctor,
991 3890 1171 3952 maximum
1198 3884 1340 3968 praebet

241 3997 468 4075 suppositionis
497 3995 661 4059 indicium.
712 3989 826 4076 Neque
855 4015 934 4056 vero
969 3995 1078 4057 statim
1106 3989 1147 4055 ob
1181 3979 1340 4074 exigunt·

241 4097 391 4162 dictionis
424 4099 640 4164 differentiam
668 4095 753 4162 liber
783 4096 900 4180 aliquis
928 4096 1125 4180 rejiciendus
1157 4107 1225 4172 est,
1258 4095 1339 4175 quia

242 4215 355 4267 auctor
376 4203 462 4268 idem
485 4203 611 4268 divam
629 4201 888 4287 quandoquidem
909 4223 967 4283 pro
982 4201 1151 4279 materiae,
1174 4197 1337 4263 conditio-

242 4305 307 4384 uio,
331 4309 483 4390 temporis
500 4307 688 4372 diversitate
707 4305 841 4381 scribit3
864 4325 969 4388 neque
983 4323 1062 4369 vero
1085 4303 1126 4368 ob
1139 4301 1237 4366 adnot
1257 4299 1337 4385 rtyli

242 4411 501 4476 convenientiam
522 4409 742 4496 recipiendus,
774 4409 925 4493 quoniam
954 4410 1024 4492 quia
1051 4407 1212 4498 interdurn
1234 4409 1339 4472 etiarn
