2796 4978
595 415 667 482 1⁰5

85 584 187 710 aaut,
209 631 369 696 docentes
391 629 512 696 liristi
530 629 724 718 religionem
739 627 911 698 taram
931 649 1178 719 superstructum
1301 677 1304 684 ι

86 751 179 821 atque
208 737 291 819 ipsis
318 733 537 824 aninogtca
558 735 896 819 stirsiccrnss·falslis
916 738 1014 803 nnlto
1035 741 1177 827 aretiqrri·

85 861 282 919 cremense.
328 840 423 908 Hauc
451 841 514 906 sihi
542 843 748 924 provinciam¹
768 855 956 908 macerant
977 841 1178 926 Jnstinns,

91 944 301 1024 Tatiarsns,
332 943 506 1008 Clessens
526 944 851 1025 Alexandrinas,
879 945 1177 1035 Athenagoras,

62 1047 343 1132 .Tleoplilsrs‚
373 1047 451 1112 alii
479 1045 542 1114 SS.
572 1047 690 1114 Patres
720 1057 755 1113 et
781 1047 966 1134 Scriptores
991 1053 1180 1135 primaeuae
1282 1037 1287 1054 ’

84 1151 266 1218 Ecclesiae.
312 1140 482 1237 Quamque
503 1152 643 1240 gentiles
666 1157 809 1220 omnium
831 1155 1051 1220 calamitatnas
1069 1155 1178 1242 palli·

84 1277 195 1320 cam
217 1277 332 1322 cantas
362 1272 396 1324 et
422 1271 549 1326 atroces
579 1258 789 1334 barbarorum
817 1263 1020 1338 incursiones
1042 1283 1063 1326 a
1087 1259 1178 1324 Cloi-
1284 1296 1286 1302 .

83 1361 200 1426 stianit
213 1375 326 1446 utpote
340 1363 474 1428 deorum
488 1361 672 1428 irrisoribus
685 1363 877 1448 repetendas
895 1387 968 1432 esse
983 1365 1179 1445 dictitarent,

83 1465 198 1532 Patres
220 1469 342 1546 nostri,
376 1489 471 1552 quam
500 1470 544 1534 sit
569 1490 707 1534 erronea
734 1468 817 1534 haec
844 1473 970 1552 opinio,
999 1483 1180 1536 monstrare

85 1570 190 1636 adnisi
217 1585 312 1652 suut,
340 1571 496 1638 docentes
523 1571 604 1636 talia
631 1585 665 1637 et
692 1571 791 1660 louge
820 1577 980 1640 atrociora
1007 1573 1095 1640 mala
1108 1575 1182 1658 jara
1294 1657 1297 1664 Ι

85 1683 182 1740 ersten
203 1697 267 1738 non
288 1697 367 1740 raro
390 1678 562 1758 accidisse,
598 1677 801 1744 calamitates
830 1692 939 1744 autem
960 1682 1039 1745 istas
1060 1681 1180 1745 rectius

79 1787 219 1864 propser
240 1779 516 1860 incredulitatem,
538 1782 780 1866 superstitiosas
802 1790 834 1846 et
849 1783 1089 1866 persecutiones
1112 1781 1179 1846 etl·

83 1883 176 1948 rsicas
198 1885 353 1951 divinitus
373 1888 534 1952 immissas
557 1907 630 1953 esse
652 1887 785 1952 credere
808 1901 969 1970 oportere.
1014 1885 1109 1952 Hanc
1127 1909 1181 1952 ra-

85 1991 209 2054 tionem
224 1993 366 2056 assecuti
380 2003 454 2056 aaut
471 1989 572 2058 Paul
577 2011 620 2054 ns
636 1989 797 2054 Orosius
811 1993 847 2054 in
866 1989 1016 2056 Ornsestis
1030 1992 1139 2055 nandi
1149 1992 1182 2074 ²)

84 2117 112 2158 s.
135 2093 356 2160 Historiarum
376 2094 456 2160 libb.
479 2094 553 2160 Vll·
565 2095 718 2160 adversus
735 2094 901 2182 Pagauos3
923 2094 1183 2176 Hieronymus

84 2201 119 2263 in
136 2198 419 2287 Cirossograplia5
440 2198 691 2284 Augustinus
711 2202 747 2264 in
768 2198 853 2266 libro
875 2199 929 2264 De
951 2200 1085 2264 civitate
1105 2197 1182 2280 Dei,

87 2303 144 2368 alii
169 2305 365 2372 Annalistae
401 2316 435 2368 et
462 2301 696 2370 Chronicorum
728 2305 901 2388 scriptores
935 2307 1051 2388 prioris
1083 2305 1183 2370 medii
1251 2307 1253 2314 ’

88 2411 170 2474 aevi.
216 2408 264 2474 Hi
286 2409 428 2474 clraniei
449 2407 529 2473 liln'
556 2412 603 2474 ita
623 2431 725 2493 traque
748 2411 926 2474 oonfinuati
947 2422 1022 2474 sunt
1042 2429 1182 2492 sequen·

88 2513 171 2578 tilrna
194 2513 334 2594 seculis,
356 2528 392 2580 nt
413 2511 505 2592 alter,
519 2512 657 2578 alteram
679 2515 771 2596 quasi
793 2515 972 2596 exciperet.
1017 2511 1183 2578 Historiae

88 2631 215 2698 antem,
240 2641 323 2703 quae
340 2618 476 2702 prppria
496 2618 559 2682 hoc
582 2639 619 2682 ac
642 2613 805 2701 singulari
826 2615 949 2680 nomine
970 2616 1033 2680 dici
1055 2638 1183 2682 merae·

88 2736 173 2802 runt,
197 2721 239 2788 ab
260 2721 434 2788 Enselio
463 2725 599 2808 primum
620 2723 656 2785 in
679 2717 827 2800 Oriente,
854 2705 1084 2806 iufllcce'derste
1104 2743 1182 2786 vero

88 2827 194 2892 seenlo
221 2827 342 2892 denam
376 2835 467 2892 sento
496 2838 630 2910 coeptae
660 2837 735 2890 sunt
766 2821 908 2890 exarari.
959 2824 1185 2910 Sequebantur
1310 2891 1315 2900 ,

88 2951 170 2998 mox
192 2953 260 2998 nou
283 2932 388 2998 solum
408 2927 607 2996 universales
629 2929 688 2994 scd
710 2931 809 2994 etiam
825 2927 1051 3011 particulares
1071 2929 1183 3016 singn-
1224 2929 1228 2944 ¹

87 3025 196 3100 larass
217 3036 390 3114 manans,
411 3034 555 3122 gentian
576 3033 780 3116 ordinansque
800 3019 958 3096 historiae¹
977 3055 1049 3100 cnm
1070 3053 1186 3099 sacrae

88 3153 158 3204 tum
180 3143 281 3222 etiam
297 3137 470 3224 profanae,
492 3142 539 3206 ita
560 3151 670 3211 tamen
691 3149 727 3202 nt
748 3139 783 3202 iu
805 3137 856 3204 his
872 3160 997 3222 quoque
1020 3138 1185 3223 aliquanto
1239 3174 1246 3204 t

86 3243 251 3329 prolixius
273 3243 314 3308 de
336 3243 411 3310 latia
433 3241 601 3330 religionis
623 3231 820 3308 christianae
848 3244 982 3328 ejusque
1004 3245 1186 3309 incremen-

87 3350 133 3415 tis
156 3364 190 3414 et
213 3349 428 3416 decrementis
450 3367 557 3412 sermo
579 3347 724 3417 redierit.
738 3345 851 3414 =Unde
870 3349 1034 3432 utriusque
1056 3349 1186 3435 generis

89 3455 246 3521 historias
267 3455 447 3538 promiscae
464 3455 565 3536 juxta
586 3451 734 3518 ordinem
750 3447 1002 3539 chronologicam
1023 3452 1186 3517 recenseri

88 3581 189 3645 posse
211 3555 458 3654 arbitrabenrur·
599 3619 606 3639 „

420 3767 454 3832 t.
494 3755 608 3831 Vitae
632 3751 869 3830 Sanctorum.

395 3931 426 3973 a.
468 3905 732 3990 Martyron
770 3914 891 3972 acta.

182 4067 333 4152 §.1070
377 4065 520 4131 Primam
548 4085 593 4130 ss.
628 4064 743 4129 Patres
777 4083 908 4147 operam
942 4041 1129 4148 posuerunt
1154 4061 1214 4131 la·

91 4169 191 4236 recor
203 4169 389 4253 Martyron
405 4169 609 4249 enarrandis,
632 4189 766 4254 qnorum
787 4179 860 4233 acta
876 4169 949 4254 jam
970 4189 991 4233 a
1010 4165 1191 4254 primordiis

169 4329 201 4396 a)
218 4343 264 4382 =
292 4327 387 4382 noas
418 4326 523 4394 noer·
552 4327 655 4394 aaa,
681 4328 716 4381 ef.
750 4297 875 4394 want
897 4327 992 4382 aetna
1024 4324 1189 4396 aarum.
1296 4371 1305 4378 .

93 4415 505 4483 mensurno-ronan
1019 4459 1021 4468 ,
