2796 4978
196 615 271 664 nem
300 596 400 658 animi
429 605 463 656 et
484 590 525 662 ed
552 611 642 674 spem
670 589 898 673 percipiendae
927 576 1044 654 veitice
1066 587 1292 656 intercedente

194 700 330 766 rationis
352 696 582 772 exhortatione
604 697 771 762 disseritur
784 695 854 777 Ἧι
887 691 922 760 S.
946 693 1123 760 Anselsri
1144 691 1291 772 Macelo

194 805 282 892 giers
305 817 338 868 et
359 799 572 888 Proslogirsss,
602 803 637 864 iu
666 822 729 884 quo
758 817 856 882 opere
876 798 917 864 de
941 801 1120 866 existentia
1143 812 1176 864 et
1198 800 1292 864 attri-

195 908 282 976 butis
304 887 373 974 Dei
400 905 598 996 argumentis
619 904 850 989 metaphysicis
872 902 1035 970 subtiliter
1065 907 1132 992 egit
1151 905 1220 987 ιτ);
1251 901 1291 970 S.
1389 939 1390 1000 3

200 1003 360 1079 Thoosae
388 1009 607 1096 Apatoarts
637 1006 860 1076 commentarii
883 1005 1099 1092 philosophici
1125 1007 1162 1074 irs
1191 1005 1292 1072 libros

197 1113 383 1184 Aristotelis
400 1117 463 1194 ιο).

522 1261 535 1286 '¹
591 1271 637 1386 V..
692 1312 898 1386 Historica.

284 1481 439 1568 §.1000
483 1479 683 1546 Historiis
719 1503 845 1566 quoque
865 1523 867 1528 -
884 1478 1114 1544 scribendis
1141 1479 1294 1561 permulti

197 1609 242 1652 ιι.
265 1585 379 1652 Patres
402 1607 533 1670 operam
555 1585 723 1652 dederunt.
743 1591 746 1598 '
766 1587 810 1652 Et
826 1584 965 1669 primam
992 1583 1120 1666 quidem
1150 1596 1184 1646 et
1206 1582 1294 1645 onti-

199 1680 378 1776 pcissirrsunr
398 1689 603 1754 historiarum
624 1709 725 1776 gersus
742 1691 813 1774 jam
836 1689 876 1754 ab
898 1687 1101 1754 incunabulis
1120 1687 1294 1752 Ecclesiae

199 1782 414 1860 exercitatum
436 1797 470 1859 iu
492 1795 746 1882 consignandum
765 1791 990 1874 Martyrum
1011 1793 1117 1856 actis
1140 1805 1173 1857 et
1194 1792 1296 1856 citis

200 1893 434 1963 Sanctorum
455 1899 655 1979 versabatur,
678 1899 712 1964 in
736 1922 798 1982 quo
820 1897 1028 1984 biographico
1050 1919 1171 1984 genere
1191 1895 1294 1961 histo·

198 2005 318 2068 riarum
344 2001 450 2066 modio
479 2011 571 2066 cetos
599 2006 754 2086 imprimis
783 2003 925 2068 fertilem
954 2025 990 2068 se
1017 1999 1175 2085 praebuit.
1221 1997 1296 2066 Huc

200 2107 363 2171 referendi
384 2118 460 2172 sunt
482 2109 581 2170 etiarn
598 2106 757 2172 breviculi
773 2107 814 2170 de
821 2104 930 2188 sactis
946 2106 1139 2192 scriptisque
1154 2104 1298 2167 υἰιυιιιιι

199 2207 375 2274 illustr-ion
411 2229 452 2273 ac
479 2207 653 2273 Doctorum
681 2207 853 2277 Ecclesiae
887 2209 1044 2296 catalogi,
1085 2209 1298 2273 distortas

201 2315 294 2398 quasi
316 2307 862 2378 ecclesiastico-literarium
885 2314 1093 2394 exhibentes,
1115 2313 1156 2378 de
1180 2313 1295 2396 quibus

200 2439 297 2502 supra
319 2415 364 2503 (b.
383 2417 453 2499 3³.)
476 2429 588 2486 notatu
610 2417 758 2506 digniora
778 2421 888 2500 paucis
911 2418 1116 2483 adduximus.
1149 2415 1299 2482 Alterum
1389 2467 1390 2474 ,

201 2535 311 2588 autem
332 2541 435 2609 genus
457 2519 671 2585 Annalium
698 2529 736 2585 et
764 2519 1043 2585 chronicorum
1064 2523 1197 2586 nomina
1218 2541 1298 2603 prae
1389 2507 1390 2520 ¹

201 2649 239 2694 se
267 2626 350 2705 fert,
379 2627 453 2710 quia
481 2623 681 2691 scilicetres
702 2629 810 2691 varias
832 2629 1005 2691 miscentes
1028 2626 1070 2691 ad
1092 2639 1216 2691 certum
1239 2630 1298 2688 an·'

201 2753 278 2797 num
300 2741 356 2796 aut
378 2751 535 2796 annorum
556 2749 741 2810 numerum,
771 2730 923 2814 quidquid
948 2733 1026 2814 ipsis
1054 2730 1096 2795 ud
1123 2751 1219 2794 aures
1241 2749 1298 2791 ve·

202 2837 306 2902 nisset
328 2845 383 2897 aut
404 2835 438 2896 iu
469 2832 579 2898 oculos
608 2833 790 2913 incidisset,
818 2847 999 2899 memoratu
1029 2835 1160 2920 dignum
1188 2835 1300 2916 paucis

201 2937 428 3022 utplurimum
450 2937 572 3016 verbis,
593 2958 668 3001 raro
691 2959 764 3002 cunr
786 2937 895 3022 abque
916 2959 1085 3004 causarum
1105 2941 1299 3004 recensione

203 3039 434 3126 compilarunt,
463 3054 500 3104 ut
521 3037 682 3106 breuiores
702 3041 909 3108 historiarum
929 3047 1036 3128 potius
1057 3041 1187 3114 indices,
1205 3063 1300 3128 quam

197 3143 319 3232 pimus
351 3142 583 3228 descriptiones
617 3145 742 3210 dixeris
759 3147 799 3226 ¹).
850 3143 965 3232 Neque
994 3146 1182 3227 miraberis,
1217 3145 1302 3230 quod

201 3247 267 3317 boc
287 3271 390 3337 genus
412 3249 586 3327 scribendi,
609 3247 713 3314 donec
735 3248 932 3315 christianae
950 3249 1103 3338 religioni
1124 3273 1198 3316 cum
1219 3273 1300 3338 geu·

203 3343 310 3420 tillium
324 3355 552 3436 superstitione
568 3353 731 3420 dimicatio
755 3369 836 3434 erat,
859 3375 977 3420 novam
999 3355 1160 3438 quandam
1182 3353 1301 3419 faciem

204 3472 239 3524 et
260 3455 481 3524 characterem
503 3461 594 3542 quasi
607 3457 796 3542 polemicum
817 3457 880 3524 sihi
896 3462 1055 3526 unnserit.
1089 3457 1197 3536 Quum
1214 3459 1303 3522 enim
1389 3523 1390 3528 ,

83 3561 85 3564 ’
193 3561 336 3642 ‚Ethuici
359 3559 640 3643 Christianismum
661 3581 772 3627 novom
795 3585 868 3629 esse
895 3561 1088 3650 religionem
1115 3574 1301 3649 arguerent,

202 3671 376 3754 scriptores
398 3669 500 3733 nostri
521 3689 574 3732 res
596 3689 738 3737 summes
768 3688 813 3734 ex
839 3670 919 3753 ipsis
942 3666 1144 3732 ethnicorum
1165 3667 1301 3749 scripto·

204 3793 276 3840 rum
305 3771 405 3846 libris
429 3770 639 3855 compilantes
662 3772 703 3837 ud
720 3771 904 3857 primordio
925 3769 1037 3838 mundi
1054 3792 1156 3854 usqua
1177 3770 1301 3836 redux·

179 4051 190 4076 .
277 4015 324 4082 ti)
342 4015 370 4071 in
387 4015 456 4091 0pp.
474 4023 543 4072 omn.
561 4017 602 4071 ad.
623 4016 740 4072 hecolt
757 4007 843 4081 (liam
864 4019 939 4074 stuc.
958 4015 1017 4070 vll.
1036 4016 1077 4082 1.)
1095 4014 1128 4070 Τ.
1146 4013 1192 4069 v1.

277 4103 322 4166 17)
341 4103 368 4158 ia
383 4103 450 4176 Opp.
468 4105 510 4159 ed.
521 4105 601 4160 Gabr.
622 4103 769 4158 Gwherora
789 4105 886 4168 (Paris.
902 4109 977 4160 1711.
995 4102 1029 4168 i.)
1046 4103 1078 4156 Ρ.
1091 4101 1113 4158 1.
1123 4119 1150 4170 p.
1165 4104 1190 4154 1.
1203 4105 1247 4156 tt.
1260 4117 1302 4170 sq.

275 4192 322 4255 18)
340 4191 368 4246 ln
386 4191 455 4264 Opp.
473 4191 527 4256 (etl.
545 4191 620 4246 Rom.
641 4195 715 4246 15⁷⁰.
733 4192 832 4246 XVlll.
851 4192 883 4253 f.)
902 4191 935 4244 Τ.
953 4188 1060 4244 l-Vll.

173 4274 177 4286 '
277 4279 305 4342 1)
324 4277 386 4334 (ihr.
408 4277 452 4334 rr.
471 4277 589 4332 Roesler
605 4277 736 4332 chronica
757 4277 836 4334 medii
859 4277 918 4338 sesi
941 4284 990 4332 etc.
1010 4277 1140 4348 (Tnhing.
1162 4273 1251 4340 1711.)
1269 4273 1303 4330 Τ.
1389 4263 1390 4270 ¹

207 4365 273 4439 lup„
295 4368 320 4418 ἱ
338 4367 363 4418 d.
580 4371 582 4376 ’
863 4405 866 4410 ,
1194 4371 1197 4387 “
