2784 4966
608 377 683 447 aco

543 523 547 528 .
866 501 873 532 l

88 587 181 669 111„
215 565 413 677 Gregorii
448 587 560 668 VIII„
591 582 811 655 Clementis
839 587 928 670 HL,
958 590 1186 658 Caelestini

87 694 159 759 ΠΙ.
176 697 227 778 ³),·
250 694 488 762 innocentis·
501 693 582 774 111„
605 692 780 758 Hortarii
792 693 873 774 111„
899 690 1091 782 Gregorii
1107 696 1185 778 IX„

87 797 333 864 innocentii
361 798 421 864 IV.
453 813 527 866 cett.
542 801 587 882 ⁴).
638 798 769 864 Interea
795 799 890 866 multi
919 803 1034 882 etiam,
1062 803 1117 886 qui
1144 803 1187 868 ad

86 904 293 988 disciplinam
306 908 455 986 attinent,
478 904 660 991 singulares
672 917 827 970 tractatus
839 907 1012 990 amiceque
1026 927 1186 988 canonpm

87 1029 126 1074 ac
156 1010 359 1074 decretorum
388 1031 461 1076 curu
494 1007 714 1074 Consiliorum
744 1021 812 1072 tum
834 1009 1052 1075 Romanorum
1074 1009 1184 1076 Ponti·

86 1111 185 1178 licum
207 1111 419 1178 collectiones
441 1113 644 1200 prodierunt..
682 1110 719 1175 ln
735 1111 859 1194 qustrus,
872 1126 918 1178 ut
931 1113 1183 1180 taceamusArr·

85 1215 204 1280 relati
225 1215 429 1280 Lucensis
451 1219 603 1300 Episcopi
624 1218 691 1300 (cni
712 1216 809 1302 vulgo
832 1217 1038 1302 adscribitur)
1062 1216 1183 1283 Collec-

85 1318 203 1383 tiorrerr
232 1339 404 1398 canossam
433 1318 667 1383 Deosdedii
696 1344 723 1384 s.
748 1308 910 1388 Theodoti
939 1323 978 1390 R.
1001 1325 1041 1390 Ε.
1071 1321 1183 1390 Cardi-

85 1422 174 1488 nalis
195 1423 313 1488 Libros
327 1423 394 1500 1V;
416 1421 638 1487 Borrizorrir
660 1421 785 1490 Sutrini
798 1427 948 1510 Episcopi
961 1425 1183 1492 Colieeliorten

85 1527 122 1590 Χ
140 1525 313 1606 librorum
343 1526 542 1614 Gregorii
563 1526 749 1610 Presbyteri
771 1528 940 1612 Hispanioi
960 1531 1097 1602 Librum
1118 1528 1181 1595 l'o·

84 1631 218 1715 lycorpi
239 1635 370 1715 nomine
392 1633 594 1714 inscriptum
617 1628 874 1696 Laborantis
895 1635 935 1698 E.
959 1635 998 1700 R.
1023 1632 1181 1700 Cardine·

85 1733 173 1799 nalis
197 1733 429 1814 collectionem,
454 1735 612 1818 aliasque
634 1747 745 1818 utpote
768 1737 910 1802 nondum
932 1740 1015 1820 typis
1035 1741 1180 1822 exscrip-

83 1851 155 1912 tas;
180 1859 221 1903 ea
242 1817 461 1903 tantummodo
483 1838 575 1903 lubet
597 1839 832 1920 caenapum
843 1842 914 1923 jam
928 1840 1080 1926 evulgata
1095 1855 1181 1921 sunt,

83 1955 118 2006 et
148 1942 191 2007 de
221 1965 354 2027 qnorum
390 1943 574 2008 auctoribus
604 1940 701 2024 plane
729 1941 865 2004 constat.
917 1941 1024 2026 Hnjus
1050 1948 1181 2029 generis

82 2059 177 2112 sunt:
201 2043 238 2109 S.
260 2045 442 2111 Anreloti
464 2041 779 2110 centuariensis
805 2043 858 2108 De
884 2047 1011 2130 nopotis
1040 2045 1179 2112 Cunaro

80 2148 270 2234 grammor
284 2151 327 2232 Β).
339 2181 384 2193 -
403 2147 440 2213 S.
462 2146 599 2214 Ioerrir
622 2147 833 2214 carnutensis
847 2149 998 2234 Episcopi
1007 2149 1180 2216 Decretum

82 2256 123 2335 (s.
147 2275 233 2336 quae
262 2253 430 2336 inscriptio
453 2255 614 2337 antiquior
637 2253 699 2334 est)
722 2251 921 2338 Regularum
943 2252 1178 2318 ecelesiastica·

81 2377 153 2422 roco
180 2357 401 2440 exceptiones,
430 2369 464 2421 et
493 2355 648 2440 Ejusdem
677 2354 872 2420 remmota
893 2356 1100 2441 (Pannomia)
1131 2360 1180 2424 sic

52 2493 56 2500 ¹
81 2461 182 2542 diota,
205 2463 282 2545 qnia
304 2464 396 2545 qnasi
411 2471 533 2526 'omnes
554 2461 641 2524 vitae
665 2479 703 2522 ac
725 2457 914 2542 disciplinae
938 2460 1180 2528 ecclesiasticae

80 2564 215 2654 regulas
242 2568 387 2630 continet
401 2564 444 2646 ⁶).
468 2601 511 2620 ·-
532 2561 565 2626 A
572 2561 586 2625 l
590 2563 683 2648 geri
703 2562 900 2628 Leodienais
928 2561 981 2628 De
1001 2563 1179 2630 mirericor-

81 2670 138 2734 dia
162 2678 194 2734 et
209 2668 357 2751 justitio,
380 2676 412 2731 et
434 2667 473 2732 de
493 2665 564 2730 illis
586 2665 762 2751 proiastra
783 2663 984 2745 Ecclesiam,
1015 2689 1178 2734 commen·

80 2779 161 2840 tatio
185 2775 290 2859 adjus
304 2775 493 2850 canonicum
515 2785 658 2856 sputans,
681 2771 773 2854 cnjus
795 2791 859 2834 non
882 2791 985 2854 pauca
1002 2769 1178 2838 Gratianus

79 2881 113 2944 in
136 2877 316 2944 Decretum
344 2898 436 2943 suum
464 2875 642 2960 recepit⁷).
664 2902 707 2922 ⁴-
734 2875 944 2953 Gratiarri,
967 2875 1010 2942 0.
1034 2875 1070 2940 S.
1093 2873 1178 2940 B.e

79 2981 345 3069 congregatione
376 2977 619 3046 camaldulensi
639 2977 811 3058 Monacbi,
847 2977 1025 3044 Concordia
1053 2977 1176 3044 discor·

79 3087 226 3152 aarum
245 3105 406 3162 ¹corrosores
434 3107 492 3149 seu
518 3083 710 3160 Decretum,
744 3083 826 3166 quod
856 3082 983 3166 quidem
1015 3104 1094 3167 opus
1122 3103 1176 3146 ca·

77 3195 158 3272 teris
179 3189 338 3274 prioribus
361 3189 520 3274 ejusmodi
548 3187 794 3253 collectionibus
815 3208 881 3251 non
903 3198 969 3250 tam
996 3186 1187 3272 ingeniosi··
1290 3239 1294 3260 ,

77 3317 135 3360 ore
170 3307 204 3360 ct
243 3297 440 3360 accuratiore
484 3295 693 3378 dispositione
738 3311 831 3374 quatu
872 3291 980 3371 poti'us
1020 3293 1178 3358 materiae
1214 3319 1217 3327 ¹
1308 3317 1311 3328 ι

75 3401 225 3466 ubertate
259 3397 425 3464 antecellit
437 3401 481 3482 Β).’
536 3395 609 3462 Hoc
642 3394 790 3463 Gratiani
820 3389 996 3458 Decretum
1023 3393 1065 3458 ab
1100 3391 1176 3457 Ooo-

75 3501 219 3568 rridorso
246 3503 411 3590 Magistro¹
443 3499 645 3568 Bononiensi
679 3512 713 3564 et
747 3495 900 3562 Veronae
932 3508 1047 3579 postea
1080 3496 1175 3580 Epis·

76 3628 179 3691 copo,
219 3605 261 3671 ab
288 3605 498 3713 Hpgoe'eio
527 3602 673 3669 Pisaeo
699 3602 867 3690 'Episcopo
905 3599 1107 3668 Ferrariensi
1143 3613 1177 3666 et

81 3745 293 3760 Ἠ

147 3836 181 3902 3)
200 3835 232 3890 Τ.
250 3835 340 3890 xxlr.

146 3921 177 3984 l)
195 3919 228 3974 Τ.
247 3919 350 3976 xxm.
368 3926 396 3974 et
412 3921 460 3976 rel.

142 4008 176 4070 s)
193 4007 221 4060 ru
238 4007 278 4076 nr.
298 4006 367 4077 opp.
385 4005 427 4061 ed.
447 3995 594 4062 onom.
612 4023 639 4078 p.
659 4007 803 4060 ror-rto.

144 4095 176 4157 d)
193 4093 221 4146 in
239 4093 280 4161 El.
298 4093 367 4164 0pp.
386 4093 428 4148 ed.
445 4091 554 4148 Fracto
569 4091 702 4147 Dacoem
718 4089 802 4162 Paris.
822 4089 898 4144 loll.
917 4088 952 4142 11.
970 4087 989 4140 l.
1068 4093 1071 4105 ·

145 4179 177 4242 ’1)
195 4179 223 4231 ia
239 4175 559 4234 mammotrectus.
577 4195 638 4232 noo.
657 4179 723 4233 thes.
741 4175 880 4248 Anecdom
899 4175 932 4229 Τ.
951 4177 983 4233 V.
1012 4187 1018 4202 ¹
1038 4231 1040 4238 ,

147 4267 177 4328 t)
194 4261 222 4318 in
239 4266 333 4320 aemil
355 4265 423 4322 Led.
445 4263 565 4322 ltottcr
588 4264 667 4335 Gorp.
688 4265 764 4333 luris.
792 4279 884 4320 canon.
910 4264 998 4334 (Lips.
1026 4266 1100 4318 1880.
1125 4262 1172 4318 lol.

77 4351 162 4418 nin.)
174 4351 205 4407 P.
224 4351 247 4406 1.
265 4351 315 4404 ool.
338 4356 465 4406 r—ttlo.

104 4469 270 4540 ammeca
282 4468 432 4524 saroterra
453 4471 473 4516 r.
910 4457 960 4525 ‘24
