2872 4972
344 1705 737 1799 Reverendissime
771 1711 1092 1802 illustrissime·
1189 1727 1191 1731 ’

490 1861 920 2040 manipraes‘un

345 2143 513 2260 Domine
541 2121 595 2220 'ae
620 2143 734 2222 Pater
761 2147 1072 2222 Gratiosissime!

159 2453 374 2592 Septimus
406 2517 526 2593 prope
560 2493 702 2596 abhinc
734 2517 859 2570 annus
893 2471 1062 2586 ellluxit,
1096 2519 1145 2582 ex
1180 2521 1255 2593 quo

160 2613 336 2706 Lyceum
361 2627 537 2689 nostrnm
562 2615 652 2689 haria
680 2617 806 2720 avitae
834 2615 919 2688 sedi
944 2619 1164 2706 restitutum
1184 2641 1254 2690 uo-

160 2759 289 2833 voque
316 2735 566 2835 superaddito
593 2733 860 2830 theologorum
877 2735 1013 2814 ordisse
1027 2739 1265 2836 ampliatum·
1380 2773 1393 2791 -

161 2857 457 2956 suppletumqne
485 2859 556 2932 sub
584 2847 768 2955 aruspiciis
781 2857 1091 2956 'Glorioutsae'moe
1108 2857 1257 2954 Regiae

161 2977 391 3076 Mojeetotat
422 2981 618 3078 aperuisti.
671 2978 775 3052 Huic
800 2991 934 3053 nostro
961 2979 1054 3054 ludo
1081 2980 1254 3054 literario
1346 3041 1349 3047 ,

168 3097 226 3172 Pu
250 3123 330 3174 non
364 3103 488 3176 solnm
525 3100 708 3195 grandem
740 3123 811 3198 pro
845 3100 1021 3195 augenda
1055 3101 1254 3180 dotatione
1329 3142 1333 3156 ·

160 3223 365 3320 pecuniam
392 3245 442 3296 ex
465 3224 632 3323 propriis
661 3223 879 3316 contulisti,
917 3222 1132 3297 sedetiam
1159 3247 1255 3298 una·
1366 3307 1373 3324 .

161 3365 249 3414 oum
277 3341 613 3418 Revereudissimo
641 3342 820 3442 Capitulo
838 3343 1063 3420 cathedrali
1091 3346 1255 3442 aliisque

160 3463 309 3562 passim
348 3463 392 3536 in
432 3464 565 3559 hujate
598 3465 780 3539 Dioecesi
815 3465 922 3538 Viris
964 3467 1255 3560 benignissimis

160 3585 206 3658 in
232 3583 306 3658 hoe
333 3607 470 3678 genere
486 3589 735 3687 prospexisti,
763 3599 806 3660 ut
822 3588 936 3662 factis
954 3588 1160 3686 quotannis
1177 3588 1254 3698 eol·

162 3707 375 3780 lationihus
391 3729 593 3806 perunctos,
621 3719 809 3807 quotquot
834 3709 934 3782 bene
962 3707 1010 3782 de
1037 3731 1080 3782 se
1107 3709 1256 3806 sperari
1336 3765 1391 3817 ΧΗ

156 3826 312 3922 jubent,
341 3825 548 3920 Candidati
564 3829 884 3930 ‘quandamtenus
906 3823 1122 3904 sustentari
1140 3841 1271 3940 atque

162 3951 360 4026 sublevari
393 3952 558 4048 possint.
613 3951 778 4027 Taceam
812 3950 978 4048 reliqua,
1015 3951 1139 4026 multa
1164 3951 1264 4047 lieet,

162 4083 203 4144 et
217 4071 332 4146 valde
347 4095 500 4166 magna,
527 4072 743 4147 modestiae
765 4063 867 4145 uuae
881 4063 1129 4170 potissimum
1144 4073 1254 4146 freno

163 4193 368 4268 cohibitus.
422 4192 517 4284 Quis
545 4216 634 4287 ergo
661 4216 742 4266 nou
766 4193 911 4292 palpet,
940 4195 1046 4266 omni
1067 4191 1156 4286 jure
1175 4191 1259 4267 ll'di

164 4311 298 4387 deberi
324 4313 480 4414 laudem
508 4327 547 4387 et
572 4317 735 4409 gloriam
763 4325 803 4388 et
827 4315 1067 4390 immortales
1096 4314 1254 4407 gratias,

166 4455 261 4534 quas
288 4435 449 4536 quisque
464 4449 639 4512 nostrum
667 4438 767 4512 alius
785 4436 898 4511 aliter
913 4431 1143 4525 enuntiabit,
1171 4457 1253 4507 om-

1377 4193 1389 4230 Ι
