2872 4972
725 389 773 458 14

197 601 362 689 vulgarem
382 603 524 686 itemque
545 601 633 668 ritae
652 603 845 689 probitatem
866 605 1018 671 eximiam
1038 609 1073 672 in
1095 609 1137 672 iis
1158 610 1291 691 requiri,

199 729 245 772 ex
266 705 472 772 incumbente
494 707 610 772 iisdem
633 721 667 773 et
688 707 851 774 doctor-ors
874 723 907 776 et
927 711 1054 775 tertiora
1076 711 1292 778 officioiacile

198 810 370 897 colligitur.
415 807 573 876 Similiter
603 827 636 878 et
658 795 845 895 Ecclesiae,
875 837 956 898 quae
978 838 1035 898 pro
1057 829 1191 900 unoque
1214 817 1292 883 cha·

197 930 323 981 ractere
345 907 515 1008 spondeat,
539 915 733 1002 approbatio
757 939 876 1002 eaque,
904 921 933 983 si
955 941 1020 984 non
1049 942 1205 1004 expressa
1233 943 1291 986 seu

197 1019 348 1104 specialis
371 1030 404 1082 et
424 1018 597 1100 solemnis,
621 1033 730 1085 tamen
750 1021 873 1087 usualis
895 1025 1082 1087 necessaria
1101 1029 1164 1088 est.
1210 1021 1292 1090 Sunt

198 1138 318 1204 autem,
341 1123 394 1206 qui
416 1121 575 1208 singulari
596 1121 727 1190 Petrum
757 1129 888 1192 nonriue
911 1148 968 1192 eos
997 1130 1121 1191 tantum
1142 1129 1291 1213 insigniri

197 1229 316 1296 (lebera
339 1227 544 1306 arbitrentur,
568 1248 588 1290 a
611 1227 725 1311 quibus
746 1230 840 1294 modo
853 1231 1014 1294 nosceretis
1026 1230 1196 1297 Ecclesiae
1208 1228 1306 1328 fides,

197 1335 316 1400 tradita
334 1344 405 1396 est:
435 1343 510 1396 suut
531 1351 639 1412 porro,
664 1334 717 1415 qui
740 1331 938 1412 clericatum,
960 1337 1026 1398 imo
1049 1337 1103 1418 qni
1125 1335 1288 1420 episcopa-
1340 1387 1353 1412 ,

195 1447 262 1504 tom
290 1439 387 1502 iniis
418 1436 594 1518 requirant.
638 1433 762 1502 Verum
791 1439 968 1527 antiquatos
995 1442 1132 1526 insignis
1161 1441 1291 1524 quidem

195 1543 299 1610 sancti
321 1541 427 1606 Patris
458 1541 699 1624 praerogativa,
729 1543 909 1608 necessario
932 1557 1041 1608 tamen
1062 1565 1125 1607 oon
1147 1553 1209 1624 est,
1238 1547 1289 1632 ni·

194 1649 310 1713 mirum
331 1643 403 1710 ideo
427 1644 497 1725 quis
518 1643 632 1708 dieitur
648 1643 755 1723 Pater,
780 1647 865 1728 qnod
877 1647 1045 1744 Ecclesiae
1064 1649 1192 1728 dederit
1201 1649 1289 1716 filios

103 1828 109 1836 Ι
146 1833 153 1849 ·
194 1749 379 1836 spirituales
409 1767 484 1828 ore,
513 1745 659 1826 calamo,
687 1749 830 1822 moribus
853 1751 1016 1827 docend03
1046 1739 1182 1818 docendi
1208 1775 1288 1818 vero

193 1845 370 1940 provincia,
393 1851 480 1916 unde
501 1854 679 1934 paternitas
702 1855 818 1940 oritur,
842 1877 907 1920 non
930 1869 980 1922 est
1002 1857 1043 1924 ad
1065 1869 1173 1921 certae
1196 1869 1288 1921 aeta·

194 1957 384 2032 tislimites·
401 1959 560 2021 restricta.
608 1953 752 2046 Canaque
763 1959 861 2024 Pater
883 1982 1001 2024 nomen
1020 1955 1067 2026 ‘sit
1085 1959 1287 2043 pietatispo·

193 2063 259 2128 tias
288 2080 381 2146 pooos
407 2060 596 2144 potestatis,
627 2074 663 2126 at
693 2065 739 2126 ait
761 2061 982 2128 Tertullianus
1011 2066 1045 2128 in
1074 2053 1286 2150 Apologetico

193 2189 252 2233 suo
275 2189 303 2230 c.
323 2171 389 2244 34,
408 2165 480 2248 jam
500 2185 599 2250 nepos
620 2165 821 2250 piscopmos
841 2187 939 2251 repere
960 2165 1134 2232 clericatos
1156 2151 1288 2231 omnino

168 2276 355 2354 'tamquam
384 2268 524 2333 conditio
552 2267 737 2333 necessaria
758 2261 948 2351 postulatur.
993 2269 1079 2335 Hine
1102 2268 1137 2332 S.
1159 2270 1286 2356 Augus-

164 2440 168 2450 ,
192 2377 279 2442 tinus
300 2371 525 2453 Hieronymum
543 2371 770 2468 presbyter-oss,
792 2375 863 2456 ipse
886 2386 994 2438 autem
1017 2371 1051 2437 S.
1067 2357 1286 2456 Hieronymus

191 2477 352 2548 batim
371 2475 491 2540 loiooos
510 2475 614 2540 eiross
635 2479 724 2542 omni
740 2479 816 2561 jure
838 2477 986 2544 Patribsu
1010 2476 1242 2543 adnumeravit.

313 2670 370 2804 ⁰2.
410 2703 582 2792 Variae
613 2706 796 2794 Petrum
833 2706 1152 2806 distinctiones.

224 2935 227 2942 -
276 2895 308 2981 ᾗ.
330 2901 399 2970 19.
442 2892 556 2958 Patres
572 2892 784 2980 aliigroeci
804 2907 889 2974 suut,
912 2895 969 2961 alii
983 2893 1129 2974 latini,
1147 2899 1284 2961 mosin-

190 3002 260 3090 guli
281 3023 343 3085 quo
366 3001 562 3081 scripserunt
582 2997 735 3065 idiomate
756 2999 932 3082 conspicui.
974 2998 1109 3081 Utrique
1123 3001 1162 3062 in
1179 3009 1283 3064 eete-

93 3108 103 3133 “
189 3127 254 3172 res
276 3106 499 3188 dispescuntur
529 3115 561 3166 et
592 3101 852 3168 recentiores.
903 3103 1046 3168 Veterum
1068 3113 1175 3166 autem
1193 3103 1282 3168 'clas-

189 3233 276 3291 sem‚
312 3222 349 3274 ut
388 3207 451 3271 fert
486 3207 687 3270 communior
714 3229 808 3286 usus,
844 3227 902 3272 sea
933 3207 1076 3292 priorum
1109 3205 1283 3270 recolor-oss

124 3379 128 3387 ,
182 3314 303 3396 ιΡιιιῐοιι
326 3313 533 3390 consumunt,
556 3331 691 3392 quornm
713 3331 829 3396 agmen
856 3311 1031 3396 Gregorius
1053 3307 1103 3376 M.
1126 3310 1282 3377 Pontifex

188 3419 353 3486 Romanas
375 3415 506 3481 claudit.
550 3415 595 3480 Et
616 3435 662 3479 ex
684 3413 734 3480 his
757 3415 884 3498 quidem
904 3417 940 3494 ii,
964 3417 1017 3498 qui
1039 3412 1142 3478 tribea
1156 3413 1281 3498 priori·

178 3522 245 3614 ⁸ius
266 3521 384 3588 seculis
406 3518 594 3597 floruerunt,
618 3519 660 3584 ad
680 3539 779 3582 unum
801 3539 913 3598 omnes,
936 3521 965 3584 si
987 3500 1115 3604 quidem
1131 3519 1282 3585 Ecclesia

144 3703 147 3710 y
188 3649 246 3692 eos
268 3649 334 3692 non
346 3627 510 3710 rejecerit,
532 3645 590 3706 pro
605 3625 804 3706 antiquitatis
815 3628 1025 3690 veneratione
1040 3623 1170 3688 Petrum
1185 3623 1280 3690 titulo

188 3733 297 3796 ornari
326 3729 453 3808 solent,
481 3731 529 3792 ita
550 3741 679 3807 tamen,
701 3740 754 3807 ut,
785 3731 839 3811 qui
860 3727 1088 3812 Apostolorum
1116 3731 1280 3794 consortio

114 3847 132 3878 Ι
186 3848 370 3914 uterentur,
408 3833 531 3898 eximio
559 3833 690 3897 nomine
722 3829 866 3895 Patres
895 3831 1133 3915 apostolici,
1161 3830 1291 3914 reliqui*

186 3937 377 4024 simpliciter
405 3935 548 4000 Patres
576 3935 793 4020 appellantem
821 3937 850 4000 si
880 3938 933 4018 qui
962 3957 1039 4000 vero
1063 3935 1104 4000 ob
1126 3935 1280 4000 haeresin

186 4046 290 4109 notati
310 4043 442 4122 inerim,
465 4053 523 4105 aut
542 4061 562 4104 a
584 4054 696 4124 quarto
719 4039 829 4106 seculo
853 4041 980 4106 demum
1003 4052 1036 4104 et
1056 4042 1102 4104 ita
1122 4042 1278 4120 vixerint,

184 4159 220 4214 ut
240 4147 280 4212 de
310 4163 421 4220 eorum
450 4148 622 4211 sanctitate
644 4167 710 4210 non
732 4143 829 4228 plane
852 4141 1305 4224 cantitarit501ummotlo''

187 4249 419 4337 Scriptores
447 4247 763 4337 ecclessiastiei
793 4249 934 4314 audiant.
988 4249 1016 4314 E
1049 4246 1278 4312 recemioribos

185 4370 293 4421 autern
316 4353 530 4439 scriptoribus
552 4375 594 4418 ne
618 4375 675 4419 eos
697 4352 826 4440 quidem
848 4375 978 4433 omnes,
1006 4354 1116 4436 quiin
1139 4351 1276 4417 Sancto·
