2784 4966
717 329 809 434 sss'
843 327 864 352 ‘⁹

210 587 277 649 imo
298 601 341 648 ue
364 577 537 644 mouson
558 577 687 663 quidem
704 597 832 662 seraper
855 589 921 652 ests
944 599 1050 663 neque
1070 577 1145 664 plns
1165 583 1198 646 in
1212 579 1306 646 brisce

131 699 136 730 ¹
210 687 309 754 rebus
330 687 503 751 auctoritas
526 705 637 749 eorum
657 682 762 764 ualet,
786 703 880 767 quarn
902 679 1013 746 valent
1034 683 1197 764 raaces,
1223 707 1306 768 quas

212 794 345 878 quisque
374 789 507 875 profert.
551 787 590 854 lu
611 787 710 855 rebus
735 788 838 874 gestis
865 800 975 852 antem
1003 809 1063 854 sen
1088 787 1307 854 historicis

210 896 308 962 fldem
336 907 413 959 tanc
434 891 616 978 praecipue
637 905 819 976 merentur,
850 892 974 976 quando
1004 892 1071 955 sois
1100 893 1251 958 sensibus
1272 894 1308 960 id

183 1001 186 1008 '
210 1021 247 1066 se
269 1001 431 1082 accepisse
453 997 626 1076 affirmant,
649 995 732 1079 qaod
753 995 1081 1062 narrandoreiernnt.
1111 997 1307 1064 Hencenim

212 1104 441 1174 cestelaudem
462 1103 543 1166 viris
561 1099 663 1166 doctis
686 1112 719 1164 et
739 1113 776 1164 ut
796 1099 967 1191 plurimum
989 1101 1226 1184 perspicacibus
1246 1125 1306 1167 ue-

89 1199 113 1234 ”
160 1203 171 1220 ’
211 1231 291 1297 gare
313 1229 409 1274 nemo
430 1208 565 1298 pqten’t‚
588 1203 672 1289 quod
694 1217 783 1270 reete
805 1206 873 1270 sais
895 1205 1046 1269 sensibus
1068 1207 1115 1269 uti
1137 1204 1307 1292 noverint3
1383 1187 1384 1210 ¹

212 1335 274 1380 nec
297 1313 463 1396 qnisqnem
486 1311 568 1376 adeo
590 1309 728 1394 injurius
751 1310 823 1387 erit,
845 1321 882 1372 ut
902 1309 990 1374 viros
1001 1311 1090 1374 ritae
1103 1311 1225 1393 pietate
1239 1327 1309 1378 tam

213 1417 404 1500 conspicuos
439 1413 535 1480 nobis
564 1414 672 1480 insum
704 1411 813 1476 iacere
850 1411 994 1478 voluisse
1027 1418 1217 1496 suspicetur.
1269 1417 1310 1482 In

213 1521 307 1586 fectis
329 1533 448 1599 autem,
469 1541 553 1605 quae
566 1539 630 1584 aaa
651 1517 717 1582 suis
739 1521 800 1602 ipsi
818 1519 968 1584 sensibus
982 1535 1208 1604 perceperunt,
1231 1543 1311 1588 eue-

213 1627 328 1691 torites
356 1645 467 1690 aarum
494 1623 604 1688 cariat
630 1645 688 1712 pro
719 1625 836 1707 mejori
864 1623 921 1687 vei
948 1625 1084 1705 minari,
1121 1649 1183 1710 qno
1215 1641 1313 1694 eram
1384 1614 1385 1694 Ὗ

213 1730 367 1815 praediti,
392 1729 530 1814 judicio.
582 1727 740 1794 Similiter
766 1730 801 1794 in
821 1727 921 1794 rebus
942 1728 1311 1814 disciplinaribus,

213 1839 244 1902 si
271 1837 418 1921 quaestio
446 1832 521 1900 talis
549 1845 599 1900 est
625 1847 662 1899 nt
690 1833 732 1900 ad
758 1833 858 1898 fidem
885 1835 1019 1898 minime
1047 1837 1226 1917 pertineat,
1254 1837 1312 1902 rei

214 1939 353 2024 plurium
374 1939 514 2005 Petrom-
533 1941 714 2006 auctoritas·
736 1959 803 2002 uon
833 1937 932 2005 aliem
959 1937 1057 2002 fidem
1088 1937 1183 2019 iacit,
1214 1964 1311 2026 quarn

213 2042 410 2130 probabilem
432 2057 466 2114 st
487 2064 559 2110 enm
582 2043 716 2110 bonoris
738 2037 977 2128 significatione
1000 2041 1220 2110 deferendam.

350 2264 386 2332 2.
424 2257 608 2330 iurabas
636 2253 864 2352 dogmaticis
891 2257 932 2330 et
956 2256 1179 2332 moralibus.

303 2425 333 2512 b·
355 2431 459 2504 aaa·
503 2425 542 2492 ln
564 2426 698 2492 sacris
726 2447 803 2492 vero
826 2426 949 2508 literis,
980 2427 1131 2512 atquibus
1158 2450 1193 2493 se
1221 2441 1307 2494 totos

218 2529 376 2612 dederint,
399 2529 459 2604 SS.
482 2531 596 2598 Patres
616 2533 727 2616 utique
750 2533 855 2612 omni,
877 2554 940 2618 qua
961 2554 1019 2616 par
1041 2545 1103 2612 est,
1126 2531 1309 2596 reverentia

217 2635 367 2700 audiendi
380 2648 472 2712 sunu
490 2633 751 2756 sedutdamines)
762 2657 834 2700 eum
848 2635 976 2701 delectu
991 2650 1024 2700 et
1033 2637 1169 2721 judicic.
1200 2635 1310 2720 Siquis

218 2741 306 2805 enim
328 2737 425 2806 aliter
446 2741 541 2823 sapit,
564 2751 625 2804 nec
646 2761 736 2804 sauss
750 2740 895 2806 consiliis
910 2725 1095 2824 acquiescit,
1118 2742 1147 2804 is
1157 2742 1229 2825 jam
1243 2762 1311 2806 non

219 2842 411 2918 Sanctorum
432 2843 611 2931 religione,
640 2843 699 2918 sed
728 2845 778 2908 sui
806 2845 906 2928 ipsius
936 2865 1047 2911 amore
1073 2857 1186 2929 captus
1208 2867 1312 2911 novas

217 2945 463 3012 subvectum
501 2949 632 3012 nomine
668 2947 837 3030 opiniones
869 2951 1053 3012 invecturus
1085 2962 1145 3014 est.
1197 2947 1312 3032 Neque

219 3049 364 3116 adeo.in
385 3049 525 3116 mribus
554 3051 683 3116 divinae
711 3049 795 3138 legis
818 3049 1087 3136 quaestiunculis,
1116 3053 1176 3117 sed
1205 3051 1313 3118 solum

155 3189 162 3216 ι
218 3154 254 3218 ia
265 3149 355 3231 fidei
375 3154 490 3239 regala
512 3177 630 3242 magno
653 3153 747 3220 nobis
777 3155 882 3220 studio
912 3159 1115 3240 antiquorum
1138 3157 1312 3224 consensio

218 3257 443 3344 investiganda
470 3269 504 3320 et
531 3259 696 3342 sequenda
717 3273 777 3326 est.
797 3325 800 3336 ,
821 3260 964 3327 Primum
984 3265 1098 3348 igitur,
1120 3245 1208 3346 'qaid
1234 3259 1314 3324 fidei

218 3363 375 3428 materiae
397 3365 528 3426 nomine
550 3365 671 3444 veniat,
694 3363 870 3448 disquirere
893 3378 1031 3447 oportet.
1076 3363 1124 3430 Ad
1140 3361 1237 3428 fidem
1253 3387 1315 3428 an·

219 3477 291 3530 tems
311 3468 473 3550 pertinent
496 3467 748 3550 propositiones,
778 3489 859 3553 quae
887 3475 946 3532 aas
973 3467 1102 3550 iisdem,
1133 3465 1246 3552 quibus
1279 3467 1317 3531 ia

218 3568 363 3654 Scriptis
387 3567 518 3634 Patrono
545 3570 763 3651 contincatur,
794 3573 938 3636 terminis
960 3569 1123 3638 revelatae
1144 3571 1316 3659 leguntur,

178 3683 182 3690 '
218 3683 277 3738 aut
316 3672 420 3739 uerbis
454 3673 604 3738 recedatis
628 3674 801 3742 reddentes
828 3673 1104 3763 aequivalentibus
1139 3685 1319 3762 conceptos

218 3785 302 3842 seat.
347 3777 399 3846 Ad
421 3800 502 3864 quae
525 3778 699 3858 accedunt,
721 3777 858 3864 quaein
880 3777 1033 3844 revelatis
1055 3787 1211 3868 inaquam
1230 3803 1317 3866 pars

211 3875 353 3961 iactata,
376 3888 434 3946 act
454 3879 574 3966 species
595 3879 631 3944 ia
650 3901 777 3967 genere,
799 3887 857 3946 aot
879 3881 1069 3948 attributam
1083 3883 1120 3947 ia
1133 3905 1193 3948 aaa
1208 3905 1320 3949 essess-

217 3983 270 4050 iia
291 3984 430 4050 cuidem
444 3983 578 4070 pariter
597 3984 722 4050 ratione
742 3983 953 4051 includantur
966 3987 1009 4070 ¹).
1054 3987 1160 4072 Atque
1178 3987 1323 4076 dogma·

218 4101 287 4154 turn
308 4089 469 4174 ejusmodi
489 4087 552 4154 dno
575 4101 651 4155 sunt
669 4109 809 4175 genera,
832 4087 899 4156 elia
919 4108 1032 4156 eorum
1053 4091 1089 4154 iu
1111 4091 1322 4178 contempla-

291 4267 319 4329 t)
337 4265 368 4318 F.
387 4263 418 4318 P.
436 4263 475 4317 Μ.
495 4262 661 4332 flansaaiaa
678 4263 707 4320 iu
723 4263 853 4337 Theolog.
877 4262 993 4337 dogmat.
1011 4263 1040 4318 in
1062 4267 1179 4335 syrium
1195 4262 1322 4322 neem

220 4353 345 4426 (rugum
366 4353 441 4406 raso.
460 4349 495 4403 ιι.
515 4351 563 4414 s).
582 4348 606 4417 s.
625 4353 685 4406 rra.
816 4399 820 4412 ,
