2784 4966
539 383 745 492 ...aa

93 610 178 685 quae
200 601 294 687 longo
315 619 374 664 ura
401 599 455 678 fit,
485 613 518 664 et
538 601 674 666 noetinic
700 603 793 686 citati
820 602 930 688 glotta
952 619 1097 686 constat,
1127 629 1190 692 qua

92 711 166 792 quia
188 708 300 773 orbern
322 705 700 791 implevitchrirtiauum.
741 705 778 771 ld
794 721 903 774 autern
926 731 991 775 nou
1006 731 1071 776 uuo
1094 709 1190 780 ruodo

92 811 166 878 lieri
187 833 282 895 pocae
304 809 402 875 facile
425 812 590 894 conjiciet.
636 809 702 876 Aut
723 813 812 876 enirn
835 835 908 878 eam
930 813 993 880 ribi
1015 819 1188 883 auctorita·

91 929 158 980 tem
179 937 363 1000 nomenque
386 914 619 993 conciliarunt,
641 917 732 978 utin
754 916 852 981 reboo
875 917 980 987 dubiis
1004 933 1038 982 et
1058 935 1189 987 contro·

91 1023 196 1086 venia
225 1019 301 1088 libri
329 1041 441 1085 eorum
468 1041 490 1084 a
517 1021 594 1084 ‘viria
623 1019 770 1083 doctriua
799 1043 837 1085 ac
859 1025 981 1105 pietate
1009 1023 1190 1092 illustribus
1226 1042 1229 1054 ¹

90 1145 230 1190 unacum
259 1125 386 1206 rcriptio
414 1121 553 1200 aliorum
581 1121 712 1188 Petrum
734 1126 982 1204 'conculcatum
1018 1143 1074 1194 aot
1103 1131 1189 1196 dicte

91 1249 203 1294 eorum
225 1229 387 1292 communi
409 1227 563 1314 auffragio
584 1246 709 1310 moque
731 1228 883 1310 probata,
912 1232 965 1297 vel
987 1233 1070 1300 adeo
1091 1235 1188 1320 digna

90 1331 204 1398 habita
225 1343 316 1410 eunt,
338 1351 431 1416 quae
459 1329 596 1413 publicio
610 1329 791 1396 '‘Eccleeiae
817 1333 968 1415 precibus
989 1337 1188 1412 interanturt

90 1449 145 1502 aut
167 1456 280 1502 eorum
302 1435 486 1499 sententiae
509 1453 555 1500 ex
567 1431 791 1498 Ecclesiarum
814 1449 848 1499 et
862 1433 1054 1504 scholarum
1076 1440 1188 1506 cathe-

91 1540 157 1605 dria
179 1541 311 1604 nemine
333 1535 533 1604 reclamante
557 1539 621 1604 imo
639 1541 750 1622 totino
772 1561 844 1604 cum
867 1541 1023 1624 applaura
1045 1545 1189 1610 omnium

91 1645 306 1726 excipiuntur.

352 1855 386 1920 2.
419 1847 616 1946 Expressa
642 1869 711 1920 seu
738 1849 936 1924 solemnio.

491 2020 523 2062 a.
558 1997 789 2090 Generalis.

176 2156 208 2242 §-
229 2163 329 2234 210.
373 2153 546 2238 [leprosa
569 2167 678 2237 autem
700 2177 760 2221 reu
781 2155 975 2240 colonnia
997 2157 1112 2224 dicitur
1130 2181 1186 2244 ap·

88 2260 252 2346 probatio,
276 2283 358 2346 quae
379 2263 415 2325 in
439 2263 519 2325 actio
541 2257 679 2344 publicis
701 2259 874 2326 Ecclesiae
897 2261 1060 2346 conceptis
1080 2261 1189 2328 cerdic

89 2365 284 2432 declaratur.
328 2365 390 2430 Eat
418 2385 459 2428 ea
479 2363 535 2428 vel
556 2363 739 2450 generalia,
767 2364 822 2430 vel
844 2365 1014 2449 specialia,
1037 2367 1091 2433 vel
1113 2390 1187 2452 ape·
1274 2433 1279 2452 ,

87 2469 276 2536 daliarim.
322 2471 365 2534 Et
391 2465 608 2554 generalis
638 2467 765 2552 quidem
786 2471 820 2532 iu
844 2487 883 2532 eo
907 2471 1072 2550 conducit,
1102 2472 1188 2554 quod

86 2577 207 2658 ocripta
236 2573 379 2658 alicujus,
405 2573 586 2658 generatim
607 2574 821 2654 recipiantur,
848 2571 980 2665 legique
1006 2578 1042 2640 in
1064 2571 1189 2645 scete

86 2677 225 2762 publicis
245 2675 474 2744 velEcclceiit
494 2677 739 2760 permittantur,.
755 2687 787 2739 et
808 2687 960 2758 tanquam
981 2675 1087 2756 utilia,
1110 2699 1189 2742 vera

71 2777 119 2846 ‘et
142 2781 306 2848 catholica
319 2781 473 2848 fidelibus
496 2779 771 2844 commendentur.
795 2863 799 2874 ι
816 2779 860 2842 Et
880 2780 914 2842 iu
937 2777 1035 2863 hujus
1055 2783 1188 2866 generi·

87 2879 261 2970 cripturam
290 2907 425 2950 numero
454 2885 591 2967 primatu
619 2883 726 2948 locum
753 2893 883 2962 tenent,
913 2885 1023 2966 quiin
1051 2895 1187 2969 utraque

87 2989 241 3056 Ecclesia
270 2992 394 3055 eximio
424 2987 555 3052 Petrum
590 2999 624 3050 et
652 2984 872 3049 Doctorum
900 2986 994 3052 titulo
1025 2993 1187 3054 communi
1295 3077 1299 3082 Ι

87 3097 233 3160 omnium
262 3113 423 3165 concensu
452 3092 558 3156 ornati
581 3103 673 3165 eunt3
708 3102 742 3153 ct
762 3089 798 3153 iu
819 3109 942 3178 pecca
970 3091 1099 3174 quidem
1121 3095 1186 3163 Ec-

87 3197 192 3264 cleaia
216 3195 279 3263 88.
302 3195 513 3272 Athenariu,
536 3190 682 3258 Rutiliae
703 3190 860 3279 Magrus,
887 3191 1062 3280 Gregorius
1082 3192 1186 3264 Nari-

86 3323 244 3382 amemn,
266 3300 407 3366 Jocnoct
430 3297 680 3379 chrysostomum
706 3300 741 3362 in
762 3297 870 3362 latina
893 3313 1002 3364 autem
1024 3297 1086 3365 88.
1109 3303 1186 3368 Aa·

86 3406 224 3486 lroriuc,
248 3404 449 3491 Augentum
470 3411 503 3468 et
522 3399 701 3487 Gregoriut
715 3398 878 3487 Magum
902 3403 943 3468 ad
965 3425 1045 3487 quoa
1068 3405 1186 3472 deiude

85 3513 229 3578 coleruni
252 3509 472 3576 declaratione
494 3505 687 3572 Pontificum
710 3505 779 3572 RB.
803 3506 838 3570 8.
854 3503 1063 3588 Hieronymus
1084 3507 1185 3584 allo.

86 3619 208 3684 uiiacio
229 3613 324 3681 Vlll.
352 3634 410 3697 per
432 3609 563 3687 Bullam
587 3607 753 3672 Gloriam
780 3615 960 3690 ao.1298‚
992 3608 1028 3674 8.
1056 3609 1186 3678 Tum
1216 3635 1218 3648 ·

84 3721 237 3808 Aquinus
266 3739 287 3784 o
307 3717 367 3783 Pio
389 3714 431 3782 V.
454 3736 505 3779 ao.
529 3719 632 3792 156⁷,
662 3711 698 3778 S.
721 3711 950 3786 Bomoentur'o
980 3737 1000 3780 a
1024 3713 1120 3780 Sixto
1142 3715 1185 3782 V.

85 3849 138 3892 ao.
165 3829 270 3902 1588,
294 3834 327 3885 et
348 3817 385 3884 8.
408 3817 474 3884 Leo
497 3815 643 3904 Magnos
664 3840 685 3883 a
706 3816 886 3882 Benedicto
908 3813 1003 3884 XIV.
1025 3839 1083 3901 per
1105 3817 1184 3886 Bul·

83 3931 154 3998 lam
176 3924 363 3994 Militantis
383 3921 557 3991 Ecclesiae
578 3945 629 3986 ao.
646 3927 729 3988 1⁷54
754 3921 854 3986 additi
876 3933 960 3987 eunt.
995 3919 1184 4006 Aliiaprae·

86 4051 181 4102 terea
203 4057 234 4099 c.
256 4053 304 4119 gr.
327 4025 390 4094 88.
414 4024 666 4103 litterarior,
690 4022 816 4090 Isidoro
830 4023 974 4110 Hispal„
996 4023 1107 4092 Reduc
1126 4026 1183 4092 Ve-

83 4137 215 4219 ner-ud„
238 4131 387 4204 Ametm
411 4131 581 4209 Caeditur„
603 4129 771 4194 Bernardo
794 4127 1010 4210 claraevall,
1034 4133 1185 4218 egregiae

86 4243 269 4308 Doctorum
291 4238 402 4304 titulus
424 4235 541 4301 raltcm
561 4236 597 4298 in
623 4229 740 4314 Officio
761 4233 868 4298 divino
890 4235 1085 4298 conceditur.

176 4347 331 4431 §.2190
375 4321 571 4426 Hujuimodi
602 4349 709 4402 autem
736 4335 1099 4421 generalis—declaratio
1122 4337 1183 4402 tri·
