2872 4972
624 416 673 488 45

101 631 262 706 habendo.
307 631 362 698 lta
383 632 599 717 aliquamdiu
596 633 739 700 Ammo·
759 633 910 708 ndnmm
922 632 1081 703 Nationes
1101 638 1197 704 libris

101 745 213 820 epten
238 759 410 820 perperam
433 736 579 803 Minucii
599 739 722 804 Felicis
754 737 920 819 Octavios,
950 744 1002 826 qui
1024 745 1196 827 inscriptus

103 855 179 920 erat,
202 839 338 908 libellus
360 839 513 926 tunquam
536 855 668 909 octavus
690 845 817 912 additus
840 858 899 910 est.

529 1063 590 1153 0.·
616 1065 770 1154 Dubia.

188 1254 220 1339 §-
242 1263 316 1330 420
361 1251 597 1338 Nonnunquam
619 1277 697 1320 vero
719 1257 829 1320 resin
852 1256 958 1320 medio
981 1256 1194 1340 relinquenda
1222 1307 1224 1319 ,

104 1373 164 1438 est,
187 1381 284 1442 quum
305 1359 432 1424 scilicet
454 1361 494 1424 de
517 1360 658 1425 Auctore
680 1361 870 1444 disputatur,
893 1375 927 1425 et
947 1383 1077 1446 prorsus
1095 1363 1196 1428 milit
1333 1427 1336 1434 ,

104 1477 158 1528 aut
184 1485 248 1528 noo
274 1473 340 1528 tom
362 1462 541 1545 monfectt't
570 1468 768 1550 argumentis
795 1465 849 1530 vel
876 1455 1061 1552 pecuinitas
1084 1489 1195 1532 eorum

103 1569 156 1634 vel
185 1572 363 1652 suppositio
386 1571 558 1649 evincitur,
586 1583 622 1636 ut
650 1572 755 1634 omnis
782 1569 876 1636 nobis
906 1569 1073 1636 dubitandi
1104 1593 1194 1636 amo·

103 1687 217 1738 ventur
236 1677 332 1740 ratio.
376 1674 449 1738 Huc
463 1676 549 1757 ‘ejus
571 1695 697 1758 qouque
719 1677 849 1762 generis
878 1679 996 1758 scripte
1017 1679 1193 1760 pertinent,

102 1801 184 1862 quoae
214 1779 412 1844 laeculentum
442 1780 576 1863 originis
605 1775 756 1844 indicium
784 1780 907 1844 omnino
943 1781 1065 1845 nullutn
1093 1785 1128 1846 in
1157 1803 1194 1848 ss

104 1885 236 1950 habent.
283 1881 436 1948 Ceterum
457 1883 549 1948 libris
571 1885 664 1948 istius
684 1885 773 1950 modi
794 1888 979 1970 cognitione
1007 1885 1088 1964 loci,
1117 1895 1196 1950 tem

100 1989 203 2073 poris,
224 1987 418 2066 omnmo,
448 1988 561 2072 quibus
590 1987 729 2052 coniecti
750 2001 843 2068 sunt,
872 1987 959 2055 haud
980 2011 1092 2072 parum
1113 1987 1195 2056 lucis

103 2094 287 2160 affunditur.
332 2093 459 2179 Regula
481 2106 589 2160 autom
606 2093 678 2180 pri
684 2113 817 2176 ncept,
841 2115 904 2178 qua
924 2097 1196 2180 scriptagenuina

104 2221 125 2262 a
151 2201 364 2282 supposititiis
391 2199 632 2278 discernuntur,
661 2199 697 2264 in
727 2217 919 2262 consensu
945 2198 1085 2281 operis
1113 2219 1195 2264 cust

103 2311 272 2368 sectore
294 2306 461 2383 consistit,
492 2325 575 2387 quae
604 2325 658 2368 res
678 2303 875 2388 dignoscitur
898 2323 943 2368 ex
965 2304 1052 2384 notis
1078 2305 1195 2386 partim

103 2408 252 2487 mano,
274 2410 304 2473 si
325 2421 429 2488 aetas,
452 2410 589 2486 enham,
611 2405 714 2490 stylus
728 2408 886 2492 congruit,
908 2405 1194 2488 pertimentes-nit,

103 2515 133 2577 si
147 2515 335 2598 genuinitas
357 2515 550 2578 testimoniis
572 2511 637 2579 fido
658 2509 904 2598 dignisfirmata
917 2522 978 2588 ert,
1002 2511 1195 2591 testimoniis

103 2617 256 2682 videlicet
283 2617 340 2682 vel
367 2620 509 2700 ipsoram
529 2616 725 2694 tinctorum,
754 2612 808 2678 vcl
831 2611 1028 2696 Scriptorum
1056 2634 1195 2692 corteno·¹

101 2743 170 2786 rum
192 2734 252 2786 aut
271 2724 422 2804 proxime
443 2734 516 2804 post
537 2722 725 2798 virentium,
748 2715 802 2780 vel
815 2712 953 2800 denique
968 2718 1110 2798 omnium
1125 2737 1195 2783 om·

100 2829 150 2890 uis
172 2828 250 2891 aevi
272 2825 451 2890 hemum.
496 2823 650 2912 Singulas
672 2823 747 2888 hinc
759 2822 887 2888 critices
909 2818 1040 2906 regulas
1056 2832 1090 2884 at
1104 2821 1195 2904 qussi

98 2931 279 2996 corollaria
301 2931 448 2995 derivare
470 2917 568 2994 facile
590 2941 651 2994 cst.

295 3151 329 3217 t.
363 3139 648 3240 suppositionis
676 3155 791 3218 notae
817 3141 1003 3216 internae.

549 3318 582 3360 n.
612 3295 748 3361 Aetna.
825 3393 828 3400 Ι

186 3457 219 3542 o.
243 3463 317 3532 43.
364 3451 602 3538 suppositionis
629 3453 835 3518 manifestum
857 3459 1080 3537 argumentum
1101 3466 1195 3528 prue-

97 3561 158 3626 bet
176 3559 277 3640 liber,
299 3563 335 3624 in
348 3582 408 3644 quo
422 3579 537 3638 remant,
559 3577 776 3642 personarunt,
799 3553 956 3618 nominem
976 3553 1097 3615 mentio
1110 3549 1197 3614 iacta
1223 3555 1228 3567 “

101 3679 165 3744 est,
188 3676 417 3749 quesanctorc
432 3665 575 3746 putativo
598 3659 838 3726 recentiora
860 3669 946 3723 sunt.
982 3653 1037 3718 Sic
1053 3651 1196 3728 Quaes-

100 3771 241 3834 tioacs
276 3776 315 3834 et
343 3767 635 3852 Responsiones
666 3765 719 3830 nd
750 3760 1000 3826 orthodoxos
1028 3777 1196 3842 perperam

100 3872 141 3938 S.
162 3871 328 3938 tustino
356 3873 490 3954 martyri
518 3872 551 3954 (†
575 3871 650 3954 167)
679 3869 876 3942 tribunorum
908 3875 1197 3956 commemorantur

102 3981 193 4042 euim
214 3975 286 4043 illic
307 3973 509 4054 Manichaei,
532 3996 615 4058 quae
638 3986 728 4038 secta
749 3973 854 4038 medio
876 3972 972 4034 tertio
994 3967 1122 4032 demum
1143 3988 1196 4032 se·

102 4082 178 4146 culo
203 4095 276 4148 orta
299 4093 359 4146 est.
404 4079 506 4162 Opus,
537 4079 622 4164 quod
650 4077 835 4142 inscribitur
863 4073 921 4138 Dc
941 4069 1196 4138 Hierorclm'c

102 4186 418 4266 ecelesiastica,
446 4181 669 4252 incassumS.
691 4180 845 4264 Dionynt'
870 4176 1127 4264 Areopagitae(
1168 4197 1196 4239 c.

104 4297 148 4358 8⁰
150 4295 174 4372 .)
198 4291 333 4358 nomina
360 4291 556 4375 praeseiert3
587 4292 707 4356 etenim
735 4287 776 4352 de
805 4281 967 4350 altoribus
996 4294 1030 4346 et
1056 4275 1198 4344 ecclesiis

105 4393 368 4464 Christianorum
395 4397 497 4480 primo
519 4395 630 4461 seculo
652 4393 793 4460 nondum
814 4391 941 4458 usitatis
962 4391 1079 4453 iterum
1101 4397 1198 4468 atque
