2790 4978
509 405 717 558 Q
821 419 825 432 .

72 661 188 746 dtu).
219 699 263 710 -
288 659 330 727 ¹8.
360 661 577 749 Hippolyti
611 667 841 754 Fragmentum
875 663 978 733 Libri
1003 670 1156 740 advertat

76 765 223 847 &aaron
254 769 308 851 qui
337 780 369 832 at
395 767 580 833 inscribitur
608 767 771 834 Adversas
798 769 962 836 Platonem
989 775 1029 838 de
1057 796 1156 854 canta

76 871 223 950 Urcioerri,
244 875 280 936 iu
303 895 364 956 quo
386 872 471 937 libro
493 871 732 940 Platonicorum
755 876 795 939 de
810 875 936 942 inicrno
959 877 1086 943 fabulas
1101 901 1155 943 ra·
1225 885 1227 898 '

71 975 165 1054 tellit,
200 987 234 1039 ct
263 973 519 1041 Christianorum
548 973 726 1042 doctrinam
755 981 970 1064 exponam).
997 1017 1042 1030 -
1070 979 1154 1046 Cle·

72 1079 205 1143 sentit
227 1077 510 1168 Alexandrini
531 1081 756 1164 Protreptieur
777 1103 836 1146 sca
858 1083 1092 1152 adhortatorias
1116 1088 1155 1152 ad

72 1197 179 1272 gentes
199 1181 293 1260 liber,
316 1205 378 1267 quo
402 1171 634 1249 absurditatem
656 1169 751 1270 atquc
773 1189 973 1269 impietatem
981 1195 1154 1280 ¹mysterio·

70 1309 153 1369 rum,
180 1287 410 1352 sacrificiorum
439 1287 641 1354 ethnicorum
663 1302 703 1353 ¹et
729 1289 913 1354 fabularum¹
940 1293 980 1358 da
1009 1293 1156 1362 Deorum
1216 1301 1227 1314 “
1270 1365 1276 1384 ⁸
1363 1331 1367 1339 ·

71 1407 138 1458 ortu
159 1405 192 1456 ct
211 1395 344 1457 interitu
365 1395 563 1482 perstringit,
587 1407 620 1459 ct
641 1395 682 1459 ad
703 1393 958 1460 Christianorum
979 1419 1072 1463 sacra
1086 1421 1154 1464 am·

69 1495 235 1582 plectenda
266 1495 412 1562 hortatur
428 1483 490 1581 si).
539 1497 646 1562 Multa
682 1511 852 1581 praeterea
878 1501 1033 1585 Ejusdem
1061 1501 1154 1568 Stro-
1278 1562 1281 1570 ,
1386 1509 1387 1568 J

69 1607 152 1664 mata
166 1599 316 1680 nabent,
346 1622 428 1684 quaa
456 1601 498 1665 ad
526 1595 760 1688 impugnandos
782 1603 928 1669 Deorum
957 1605 1098 1673 cultores
1122 1619 1156 1672 at

69 1705 107 1770 ad
127 1703 293 1792 religionis
315 1719 445 1770 nostrae
467 1707 650 1787 veritatem,
674 1707 876 1794 dignitatem,
899 1707 1060 1794 fidemque
1077 1735 1154 1778 oon-

69 1808 254 1873 firmandam
281 1809 562 1894 suppeditant¹⁸).
580 1799 633 1862 Ι--
664 1807 854 1898 origenis
885 1811 1003 1876 Contra
1034 1813 1155 1880 cetam

67 1911 159 1977 latri
186 1909 284 1991 Vm,
311 1915 430 1998 inquo
461 1937 559 1998 opere
581 1918 859 1998 praestantissimo
881 1919 1053 1998 primariae
1075 1920 1154 1984 reli·
1195 2001 1197 2008 Ι
1263 1923 1265 1933 “

66 2019 168 2106 gionis
190 2016 385 2084 christianae
412 2009 566 2084 raritates
588 2019 796 2084 validissimis
818 2010 997 2086 ratiociniis
1020 2021 1153 2088 damon·

66 2134 220 2202 tuantur,
250 2135 283 2216 at
304 2145 513 2207 quaecuuque
538 2123 731 2190 ChrIstianis
762 2138 837 2190 tunc
860 2126 1014 2209 temporis
1037 2129 1155 2210 opponi

65 2229 229 2308 solebant,
260 2227 433 2314 diligenter
461 2242 495 2293 et
523 2232 653 2316 egregia
679 2227 861 2294 refutantur
876 2230 940 2310 ¹⁹).
961 2263 1006 2278 --
1031 2229 1154 2295 Eate-
1215 2216 1216 2224 ἵ

65 2333 121 2397 tii
143 2331 425 2424 caesareensis
447 2331 717 2416 Praeparationis
739 2329 944 2419 evangelicoe
965 2331 1063 2396 Libri
1078 2332 1154 2414 XV,

65 2460 141 2520 opus
166 2436 461 2520 praeclarissimum
491 2439 619 2520 optimis
648 2438 867 2502 monumentis
898 2447 931 2499 et
960 2439 1156 2502 testimoniis

63 2541 233 2621 reform,
265 2540 378 2626 quibus
401 2543 528 2606 animus
548 2539 681 2606 lectoris
703 2540 746 2604 ad
773 2537 1010 2622 suscipiendam
1033 2537 1156 2605 Christi

63 2645 257 2732 religionem
277 2657 486 2728 praeparetur
499 2647 564 2728 ⁹⁰).
609 2643 763 2728 Ejusdem
785 2663 881 2726 porro
905 2641 1024 2706 Contra
1037 2641 1154 2708 Hiero·

63 2749 141 2814 clern
161 2747 248 2813 liber
261 2751 328 2831 ⁹¹),
350 2752 405 2832 qui
429 2761 479 2814 cst
501 2749 656 2813 refirtatio
675 2747 797 2830 'famosi
820 2747 860 2812 ab
873 2749 936 2812 isto
952 2747 1032 2812 editi
1049 2747 1156 2813 libelli

61 2877 89 2918 c.
111 2867 137 2919 t.
161 2851 356 2942 φιλαληθης.
378 2893 422 2906 ·-
445 2854 480 2917 S.
503 2851 730 2916 Athanasii
753 2851 865 2916 Oratio
888 2859 1000 2916 contra
1026 2849 1155 2932 licata,

59 2961 92 3023 in
118 2977 184 3041 qna
210 2957 252 3020 de
279 2955 438 3022 idolorum
465 2958 609 3021 vanitate
638 2955 853 3038 exponitss).
876 2989 920 3004 -
942 2951 978 3020 S.
1007 2953 1153 3042 Grego-

58 3061 118 3125 rii
140 3055 180 3125 N
181 3059 249 3127 ozi
256 3081 339 3124 aaz.
372 3059 537 3124 Oratiorns
563 3057 743 3124 invectione
770 3058 807 3122 in
828 3055 993 3123 lolintona
1013 3059 1154 3144 Apono·
1225 3069 1228 3074 '
1311 3074 1313 3083 ’

56 3173 143 3244 tam,
182 3164 344 3230 ethnicam
379 3167 640 3248 superstitionem
668 3164 852 3228 restaurare
887 3163 1005 3230 frustra
1023 3185 1155 3231 conan-

55 3267 208 3353 tem22).
238 3305 281 3317 -
313 3267 560 3333 Tleodoreti'
589 3265 761 3361 Orationes⁸
791 3265 828 3329 X
859 3267 901 3332 de
933 3266 1155 3348 Providentia,

55 3373 177 3459 quibus
201 3383 355 3439 erroneas
378 3371 554 3438 Gentilium
577 3373 617 3436 de
638 3372 705 3437 fato
734 3375 904 3455 opiniones
931 3373 1092 3452 retundit,
1123 3383 1156 3436 et

55 3477 219 3562 Ejusdem
248 3476 302 3542 De
323 3477 476 3544 morandis
501 3475 693 3541 Graecorum
721 3475 943 3564 affectionibus
971 3475 1051 3542 libri
1072 3471 1156 3574 ΧΠ,
1274 3577 1278 3586 ¹
1331 3521 1333 3542 .
1381 3429 1387 3438 ·

129 3739 179 3802 15)
198 3739 261 3794 ibid.
279 3759 304 3811 p.
323 3741 467 3796 too-tut.
808 3789 810 3792 .

127 3827 179 3889 ti)
197 3825 226 3878 in
243 3826 284 3895 iil.
303 3826 371 3897 0pp.
389 3826 430 3880 cd.
447 3827 507 3880 att.
524 3822 661 3882 Fabricii.
680 3827 712 3883 Τ.
729 3827 765 3883 11.
783 3844 809 3898 p.
826 3827 972 3882 owart.

128 3911 178 3974 1⁷)
198 3909 227 3963 in
245 3911 314 3982 0pp.
331 3911 373 3968 ad.
391 3909 512 3966 Ponet
530 3931 556 3984 p.
575 3917 669 3968 1—95.

127 3997 180 4060 rs)
199 3997 263 4052 aid.
280 4016 306 4072 p.
323 4001 469 4054 ars-tea.
487 3990 649 4056 ota-oss.
1022 4043 1025 4047 .

128 4084 179 4148 19)
198 4083 226 4137 in
243 4084 286 4151 Ej.
304 4085 372 4156 Opp.
389 4085 429 4138 cd.
447 4083 494 4139 De
510 4089 540 4139 ta
556 4085 626 4140 Rue.
645 4085 678 4139 Τ.
696 4085 718 4142 1.
736 4103 762 4156 p.
779 4089 927 4140 tlt-80⁰.

92 4175 100 4185 ”
126 4174 179 4238 20)
198 4174 232 4227 ad
249 4174 319 4227 Edit.
337 4175 437 4246 vigeri,
458 4173 551 4228 Coton.
571 4179 647 4230 1688.
666 4175 685 4228 i.
913 4187 917 4199 ·

125 4260 178 4322 21)
198 4275 274 4314 unae.
292 4261 333 4328 Ei.
350 4261 501 4316 Dcmonstr.
520 4262 625 4335 Evaug.
643 4261 756 4316 adedit.
774 4257 898 4314 Morelti.
916 4277 941 4330 p.
960 4261 1106 4314 stt-ott.
1190 4317 1192 4336 η

126 4345 179 4408 ²²)
198 4345 226 4399 in
244 4347 284 4413 El.
303 4346 370 4418 0pp.
388 4347 431 4402 ed.
448 4343 674 4422 Heidelbermi.
692 4349 714 4401 1.
732 4365 757 4418 pt
778 4351 869 4401 1-37.

126 4435 178 4498 2³)
196 4435 225 4487 in
243 4435 284 4502 Ei.
295 4433 371 4506 'Opp.
390 4435 431 4490 cd.
449 4433 541 4492 Berua
559 4433 651 4491 Gelon.
669 4435 701 4488 Τ.
719 4435 741 4490 1.
759 4451 784 4505 p.
803 4437 931 4490 att-rat.
970 4451 972 4456 ¹
1081 4446 1085 4457 ¹

819 4673 831 4720 l
