2784 4966
696 353 806 447 ¹too

222 595 411 676 utebantur,
441 594 632 680 quandoque
653 593 786 660 sublimi
816 605 873 659 ant
894 593 1042 659 terminis
1063 595 1243 680 peregrinis
1269 597 1327 661 iu·

222 699 400 786 terpelst03
430 719 502 766 eum
530 699 720 784 praesertim
747 697 840 788 multi
868 697 945 763 libri
970 700 1082 786 greeai
1110 719 1196 764 nune
1223 697 1328 763 nobis

223 807 259 880 in
280 803 353 870 sole
373 803 477 870 letina
497 805 648 869 versione
670 803 886 886 suppeditent,
908 825 970 869 neo
992 806 1136 868 emnium
1158 805 1327 888 interpre-

161 895 164 908 ’
224 922 292 976 tum
311 911 447 972 istorum
469 907 563 988 fides,
585 910 703 992 peritia
726 920 760 972 et
781 907 951 994 diligentia
971 905 1135 992 lendpnds
1153 910 1208 972 sit.
1239 908 1327 973 Non

223 1035 297 1078 rero
321 1014 440 1091 etiem,
463 1025 497 1078 et
517 1013 665 1094 inprimis
686 1011 743 1076 ubi
763 1025 954 1098 argumente
975 1013 1017 1077 ad
1037 1011 1204 1078 hominem
1224 1032 1326 1077 usur·

223 1130 302 1202 pont
322 1117 456 1195 Patres,
485 1115 677 1201 ignorantia
700 1115 1013 1180 circunstantium
1034 1116 1235 1182 haesitantes
1259 1137 1326 1182 nos

222 1222 440 1300 taetrioris,
464 1228 562 1303 quse,
591 1216 620 1285 si
641 1221 812 1302 peritiores
840 1221 975 1286 istarum
996 1221 1186 1301 ἱιιὶιιοιιιιιι,
1209 1221 1326 1286 ῖιιαἹίι

225 1339 337 1392 essent
356 1323 535 1389 intellectu.
579 1321 689 1389 Porro·
704 1323 770 1390 slis
791 1323 953 1410 dogrnnts,
976 1345 1058 1408 quse
1080 1325 1227 1390 torteeo
1248 1329 1323 1408 qni·

134 1469 143 1486 ·
224 1418 315 1510 (lem,
353 1443 415 1514 qno
445 1427 516 1511 quis
542 1426 686 1510 leripsit,
721 1441 867 1512 tempore
890 1427 1144 1516 ,senonensis
1177 1429 1324 1495 nondum

226 1545 327 1598 erent
340 1534 538 1619 impugnata,
561 1529 676 1596 Patres
698 1533 733 1596 in
755 1523 884 1616 seriptis
905 1534 973 1597 suis
997 1555 1036 1598 eo
1050 1535 1322 1618 seeunorespor·

112 1651 118 1656 '
225 1649 419 1715 deotmunt,
450 1657 511 1719 quo
532 1633 636 1698 stim
657 1635 817 1700 matianis
837 1633 1067 1724 ineloquentia
1093 1635 1158 1704 sibi
1187 1639 1321 1720 imposi-

151 1779 161 1806 ι
226 1755 292 1807 tsm
313 1736 473 1824 putarent.
517 1737 669 1822 Denique
699 1761 928 1830 nonnunquam
950 1739 1065 1806 Patres
1087 1761 1134 1806 ex
1155 1743 1320 1825 proposito

224 1845 384 1912 nonnulle
401 1841 633 1924 torenltsbsnt,
662 1845 813 1910 nimirum
835 1867 882 1910 ex
908 1841 1086 1926 disciplina
1115 1845 1236 1909 amna
1254 1847 1319 1928 pri·

225 1949 287 2015 rn'is
309 1949 478 2026 Eoolesise
499 1946 620 2012 seeulis
641 1951 781 2028 usitata,
811 1969 874 2032 qne
896 1945 1092 2014 Christianis
1113 1947 1319 2015 interdictum

226 2065 307 2133 erat,
330 2053 371 2118 do
392 2051 560 2140 religionis
582 2054 744 2134 mysteriis
767 2074 875 2118 eorem
897 2055 1066 2118 extraneis
1088 2065 1122 2117 et
1134 2075 1228 2119 serre
1239 2052 1318 2140 bap·

224 2160 319 2221 tismo
342 2155 483 2220 nondum
503 2157 641 2222 initiatis
661 2155 770 2240 p'elsm
790 2143 892 2221 verbs
918 2157 1045 2238 faeere,
1075 2179 1119 2222 ne
1140 2159 1317 2246 ignomntr'·

225 2259 285 2324 lrns
313 2261 540 2341 mysteriorum
573 2257 708 2324 altitudo
738 2258 916 2339 scandalo,
947 2273 1004 2327 eut
1023 2261 1174 2350 malignis
1195 2261 1311 2328 soora-

224 2375 405 2428 mentornm
422 2363 507 2444 ritus
528 2359 668 2427 ludibrio
692 2376 789 2428 esset.
829 2361 931 2450 (Μ.
955 2364 1109 2432 tentio.
1143 2366 1239 2432 torst
1253 2369 1316 2454 igi-

170 2534 173 2550 ,
224 2482 276 2534 tar
296 2471 407 2553 paneis
434 2487 568 2532 monere
599 2467 639 2532 de
667 2469 874 2544 scientiisse
895 2471 1070 2551 remediis,
1102 2471 1217 2555 quibus
1237 2475 1317 2536 istst

224 2561 430 2639 difficultates
459 2571 617 2654 enodare,
647 2571 924 2656 obscuritatesque
953 2573 1117 2640 illustrare
1138 2573 1317 2642 valeamus·

182 2677 269 2746 «Εἰ
290 2676 356 2742 ulia
378 2689 453 2742 sunt
474 2675 729 2742 adminicula
750 2675 933 2772 generalia,
956 2675 1023 2744 elis
1044 2677 1216 2764 poetata,

367 2997 373 3011 ,
447 2909 495 3032 1,
528 2908 807 3000 Adminienlo'
846 2911 1093 3034 generalis.

259 3112 261 3121 ·
310 3097 340 3182 p.
363 3105 465 3174 2340
510 3097 663 3168 subsidia
683 3097 911 3188 generalia
933 3099 1067 3166 dicimus
1095 3117 1153 3162 ees
1174 3097 1317 3184 discipli·

223 3221 302 3279 nns,
330 3223 410 3285 qnns
432 3203 502 3284 quis
523 3203 559 3266 in
581 3201 752 3284 cujuslibet
772 3201 880 3268 Patris
902 3201 1042 3268 lectione
1064 3201 1188 3266 uellere
1212 3201 1316 3268 delon.

223 3303 268 3370 Et
287 3306 423 3388 primum
446 3305 575 3388 quidem
597 3304 669 3370 fieri
691 3303 757 3370 non
779 3317 897 3388 potest,
919 3319 955 3371 ut
977 3307 1017 3372 de
1039 3307 1220 3390 cujuspiam
1242 3329 1316 3372 nue-

222 3409 303 3475 toris
323 3412 357 3474 in
387 3391 524 3474 dicendo
547 3407 728 3496 elegantis,
757 3413 793 3475 in
806 3409 1038 3494 'persuadendo
1061 3423 1149 3488 erte,
1171 3407 1316 3490 inresu-

221 3514 319 3580 tnndo
343 3513 490 3580 efficatia
507 3513 654 3597 judicare
676 3517 738 3580 rite
760 3518 877 3597 possis,
899 3517 929 3580 si
951 3537 1024 3579 eam
1046 3515 1315 3600 ipssmtiapsas,

222 3637 285 3703 qao
309 3615 461 3702 Scriptor
481 3635 554 3682 star
577 3625 634 3696 est,
656 3619 789 3683 omnino
811 3621 1022 3705 ignoraveris.
1067 3617 1220 3685 Secunda
1239 3641 1314 3703 per·

221 3717 335 3800 mults,
357 3741 440 3806 quse
462 3741 506 3786 ss.
529 3721 642 3787 Patres
665 3723 795 3800 docent,
817 3725 852 3786 in
873 3722 967 3788 foetis
989 3725 1095 3807 posite
1116 3737 1211 3800 sunt,
1232 3745 1315 3808 quse

99 3822 115 3834 “
221 3827 256 3888 in
278 3824 428 3893 Eeolesin
457 3827 678 3914 eontigemnt3
708 3825 865 3908 ideoque,
892 3837 930 3890 nt
949 3825 1050 3909 probe
1079 3826 1316 3914 intelliguntur,

219 3923 640 4004 dittotiaeeoelert'artieoe
669 3949 732 3994 neo
759 3949 824 3992 non
847 3928 1069 4016 geographiae
1090 3951 1129 3995 ee
1152 3929 1315 3995 adremo-

219 4028 298 4114 giae
326 4032 475 4096 notitiem
504 4045 775 4116 praesupponunt.
821 4029 956 4114 Tertio,
985 4053 1059 4100 enm
1087 4033 1237 4100 Patribus
1267 4035 1317 4100 fn·

220 4129 349 4200 miliare
370 4133 479 4215 iuuerit,
501 4139 673 4203 ratiocinia
694 4121 839 4216 nectele,
862 4157 946 4220 quse
962 4123 1034 4203 ine
1045 4139 1224 4225 principiis,
1246 4142 1318 4224 qui·
1387 4167 1388 4232 j

220 4235 280 4302 bns
310 4241 473 4318 nituntur,
503 4229 645 4328 intelligi
675 4261 740 4306 non
768 4252 924 4326 possunt,
949 4237 1175 4326 philosophiae
1203 4243 1317 4323 etism,
1387 4253 1388 4273 ¹

220 4363 283 4424 que
305 4340 419 4407 imbuti
441 4341 554 4408 Patres
577 4347 793 4431 argumentati
814 4357 908 4427 sunt,
937 4346 1102 4430 principiis
1122 4347 1318 4414 insti-setun
