2872 4972
711 373 786 474 et

273 625 277 632 '
363 705 371 720 Ι
420 625 470 715 3.
517 543 768 724 llonceptus
797 608 1125 723 Petrologiee„

301 800 331 884 b·
353 806 431 874 ³2.
465 795 711 882 Petrologiu
733 809 841 862 nutem
864 797 979 862 dicitur
993 795 1172 882 disciplima
1186 797 1307 866 domno

211 904 332 968 seudum
353 901 523 968 Ecclesiae
540 899 693 966 Patribus
713 909 800 966 recte
821 900 935 966 mermi·
955 899 992 964 in
1013 899 1183 986 religionis
1204 900 1307 966 obris-

212 1007 325 1072 limsoe
359 1005 509 1070 doetrirm
545 1006 611 1070 siue
639 1009 780 1072 eruenda
810 1007 876 1072 ss'oe
909 1005 1122 1072 illustrando.
1171 1006 1233 1072 Est
1267 1025 1308 1070 es

211 1113 308 1198 igitur
329 1112 467 1176 scientio
488 1107 675 1196 theologiae
705 1122 739 1174 et
755 1103 1012 1196 praeparatoria
1034 1123 1067 1174 et
1087 1107 1308 1189 subsidiariis,¹

211 1213 311 1298 probe
338 1227 447 1279 nutem
477 1214 691 1282 discernende
720 1237 741 1280 e
762 1215 1013 1294 Patr-isticce,
1044 1235 1127 1298 queo
1156 1211 1307 1280 Petrolo·

117 1325 121 1336 '
211 1321 298 1406 giem
328 1321 557 1401 praesupponit
585 1337 722 1401 eumque
745 1319 913 1404 applicat,
943 1331 1017 1384 ectu
1047 1336 1163 1402 nempe
1187 1337 1305 1384 eruens

211 1421 391 1488 doctrinam
413 1415 581 1507 religionis
603 1422 747 1488 adductis
770 1420 831 1486 SS.
854 1422 986 1490 Petrum
1008 1423 1213 1488 testimoniis.

412 1683 457 1766 d·
512 1666 777 1787 Scriptores
816 1671 1101 1786 patrologici.

448 1870 480 1920 a.
509 1844 669 1920 Veteres
685 1861 724 1920 et
744 1847 896 1922 mediae
913 1847 1063 1964 aetatis.

296 2014 327 2100 d·
348 2022 419 2090 33.
464 2013 563 2082 Multi
584 2029 671 2098 suut,
695 2019 749 2102 qui
772 2017 812 2081 de
834 2020 922 2082 vitoe
944 2015 1020 2080 letis
1043 2028 1076 2078 et
1095 2013 1228 2099 Scriptis
1244 2013 1308 2079 Pa-

211 2133 294 2184 trum
316 2121 465 2184 notitiem
487 2122 740 2204 suppeditarunt,
763 2134 796 2186 et
809 2118 1017 2206 Patrolegiae
1038 2117 1215 2202 specimina
1237 2119 1307 2184 edi·

211 2221 338 2286 derunt.
389 2221 478 2288 luter
513 2223 687 2288 Graecos
716 2224 844 2308 quidem
871 2236 944 2306 post
969 2217 1182 2287 Eusebium
1214 2221 1308 2288 Cae·

210 2345 430 2390 sarrensem
453 2328 637 2410 episcopum
659 2331 692 2410 (†
715 2350 743 2392 e.
767 2348 798 2390 n.
823 2332 921 2408 340),
945 2327 1055 2409 quiin
1077 2323 1226 2390 Historia
1248 2349 1308 2394 sne

211 2427 432 2494 ecclesiastica
445 2433 475 2514 ¹)
499 2435 598 2498 etiem
620 2427 681 2496 SS.
704 2431 835 2496 Petrum
857 2432 976 2514 scripta
995 2442 1161 2510 recenset,
1189 2429 1308 2496 multe·

211 2557 274 2618 que
296 2557 380 2602 nunc
403 2536 642 2618 deperditorum
663 2536 845 2624 fragmento
867 2533 1015 2612 exhibet,
1037 2556 1120 2600 uuus
1142 2527 1310 2599 Plotius

211 2636 409 2704 Patrinrclre
425 2639 796 2726 constantinopolitanus
818 2641 852 2718 (†
872 2661 902 2704 n.
927 2661 955 2702 c.
979 2644 1056 2716 890)
1078 2640 1114 2702 in
1136 2637 1232 2717 libro,
1257 2639 1308 2704 cui
1363 2695 1369 2700 .
1405 2673 1413 2688 ·

210 2739 444 2824 Myriobibliors
472 2767 532 2810 sou
554 2741 756 2808 Bibliotheca
784 2764 903 2808 nomeu
934 2755 1000 2821 est,
1030 2741 1115 2806 hanc
1142 2741 1205 2806 sibi
1232 2765 1307 2826 pro·

113 2883 117 2890 -
210 2847 350 2910 vinciam
381 2869 511 2914 sumens
534 2847 833 2912 ammadversioues
863 2847 990 2910 criticos
1022 2859 1055 2909 et
1083 2860 1240 2930 excerpta
1262 2869 1309 2912 ex

212 2949 361 3034 operibus
385 2951 582 3034 Scriptorum
605 2951 813 3016 ducentorum
835 2962 869 3014 et
890 2951 1055 3035 octoginta
1077 2951 1247 3016 adornavit
1261 2951 1306 3032 ⁹).

211 3053 301 3118 luter
323 3052 498 3118 Latinos
527 3068 652 3131 nutem,
684 3055 737 3136 qui
769 3075 900 3136 operam
926 3057 960 3118 iu
991 3053 1052 3118 hoc
1081 3077 1203 3142 genere
1225 3056 1306 3120 scri·

67 3186 73 3193 ·
210 3156 308 3222 bendi
328 3172 516 3240 posuerunt,
539 3158 732 3224 recensendi
754 3171 829 3223 sunt
849 3155 887 3222 S.
909 3158 1145 3242 Hieronymi
1166 3161 1200 3242 (†
1222 3181 1250 3222 c.
1276 3179 1307 3223 o.

210 3263 290 3342 420)
311 3259 365 3324 De
384 3261 466 3326 ciris
486 3260 668 3328 illustribus
689 3263 785 3344 liber,
809 3267 863 3348 qui
885 3267 1030 3328 continet
1052 3265 1158 3344 cupite
1178 3274 1309 3326 centum

212 3366 352 3450 quinque
385 3378 419 3430 et
447 3359 580 3452 triginta
610 3388 630 3430 a
653 3365 687 3434 S.
709 3367 807 3433 Petro
838 3367 968 3431 ordiens
984 3380 1025 3430 et
1048 3367 1089 3432 ad
1112 3365 1308 3448 Chrysosto-

211 3489 297 3546 nsum
319 3490 421 3552 usque
437 3467 656 3547 descendens}
684 3470 852 3535 Gesrrsed
858 3470 893 3534 ii
913 3469 1100 3552 Presbyteri
1115 3467 1306 3534 Massilien-

211 3573 257 3652 sis
279 3575 313 3654 (†
334 3595 363 3636 c.
387 3576 465 3655 500)
491 3573 665 3662 Cutnlogus
686 3575 825 3638 uirorum
845 3573 1040 3651 illustrium,
1071 3595 1150 3657 quos
1172 3571 1307 3636 beatum

95 3685 103 3702 ⁹
161 3677 165 3682 '
211 3675 447 3760 Hieronymum
474 3699 614 3762 sequens
641 3681 676 3744 in
706 3677 863 3764 capitibus
893 3691 1021 3744 centnm
1049 3677 1090 3740 ud
1118 3697 1178 3742 sun
1204 3697 1307 3758 nsque

211 3792 357 3863 temporo
379 3789 514 3864 (sunum
535 3803 580 3846 sc.
603 3785 682 3867 495)
706 3795 955 3856 commemoret;
977 3779 1014 3844 S.
1037 3779 1193 3844 Isidori
1209 3779 1304 3864 Epis·

140 4071 142 4084 ,
282 4025 311 4086 1)
328 4021 443 4078 Eusslll
464 4025 611 4095 Pamphili
631 4029 730 4082 ilistor.
754 4027 816 4082 soni.
834 4025 895 4080 ii'nri
912 4026 952 4092 Χ,
970 4041 1003 4080 es
1019 4041 1081 4078 uos.
1099 4037 1207 4096 recogn
1226 4037 1250 4076 c.
1266 4023 1306 4094 in3
1374 4027 1378 4035 '

211 4115 288 4186 tuffo
305 4110 404 4166 Vsiesii
426 4116 611 4172 commentario
634 4122 661 4168 et
677 4114 781 4168 selectis
798 4098 942 4185 llesdiugi,
965 4113 1087 4180 Strothii,
1110 4113 1145 4166 sl.
1155 4112 1305 4182 'emenus
1338 4171 1344 4196 Ι

211 4193 252 4248 ed,
270 4195 342 4250 Frid.
360 4197 471 4270 Adelph.
490 4198 654 4266 minister,
673 4201 746 4272 Lips.
767 4205 910 4254 rent-m.
928 4201 971 4254 111
984 4199 1052 4255 volt.
1070 4203 1095 4254 8.
1196 4211 1202 4228 ’

281 4283 312 4344 2)
330 4281 430 4337 Pmm
445 4281 617 4354 Bibliotheca,
636 4304 677 4359 gr.
696 4293 722 4340 et
739 4287 783 4341 let
802 4303 861 4342 curu
878 4287 986 4342 scholiis
1002 4285 1085 4341 Andr.
1103 4282 1217 4338 Sctottt
1227 4283 1256 4338 8
1270 4281 1305 4351 b,

214 4366 315 4422 (iones.
334 4372 418 4456 lbltj
436 4385 498 4424 nov.
516 4369 557 4424 ed.
576 4388 617 4444 pr.
636 4389 670 4428 es
686 4389 739 4426 reo
758 4375 832 4428 lmm.
849 4371 986 4439 Bolskan,
1005 4371 1120 4428 norom
1141 4375 1216 4426 182&
1234 4369 1307 4425 us
1416 4435 1417 4444 χ

1392 513 1400 559 l
