2784 4966
246 385 793 530 ff'aao·

80 605 378 714 inreverentur,
406 647 503 720 atque
525 635 623 703 fidem
646 639 864 708 tantummodo
891 604 1057 724 postularit
1078 641 1171 728 (Cre-

80 739 226 823 deadc);'
249 738 316 804 alia
344 752 476 829 praeter
502 739 601 808 fidem
630 755 663 806 et
692 743 1000 828 contemplationem
1026 749 1173 814 actiones

79 863 204 928 quoqne
226 830 607 932 respieinnt'(Agm‹ta);
629 845 860 914 illanimiruru
882 850 924 915 ad
945 851 1063 940 dogma
1080 853 1173 919 stric-
1231 909 1261 936 ,,

79 951 210 1014 tinnitu
232 947 363 1029 dictum,
384 947 468 1016 haec
489 969 568 1014 vero
591 950 632 1016 ad
654 972 760 1019 mores
782 956 957 1037 pertinent.

351 1193 403 1282 ll.
434 1199 609 1282 ratione
631 1221 898 1286 consensus.
971 1286 974 1302 ι
1009 1307 1012 1316 .
1113 1299 1117 1310 ,

160 1415 196 1480 1.
231 1405 592 1499 Auctoritasqnnius
621 1379 829 1480 alteriusve
855 1407 1081 1504 probabilis.

158 1574 194 1659 q.
215 1579 324 1652 ξω.
374 1573 497 1638 Unius
516 1573 625 1644 Patria
647 1574 701 1640 vel
722 1578 756 1640 in
778 1559 876 1640 rebus
899 1576 1005 1640 eaor-it
1023 1571 1172 1655 aufidena

78 1697 235 1762 morerque
252 1675 489 1762 pertinentibus
511 1681 673 1742 sententia
695 1699 761 1746 non
780 1681 851 1764 jam
868 1699 933 1764 per
947 1699 981 1744 rc
996 1693 1085 1768 certa
1099 1681 1170 1766 pol·
1212 1690 1214 1702 '

77 1780 122 1848 let
142 1784 347 1848 auctoritate.
391 1781 443 1847 Ita
470 1784 570 1850 enirn.
588 1795 724 1847 naturae
746 1781 908 1848 hnmanae
930 1785 1072 1850 conditio
1095 1785 1171 1866 lert,

68 1887 198 1952 'nisibi
224 1885 356 1951 relictus
386 1907 482 1951 nemo
509 1884 695 1950 mortalium
724 1885 764 1950 ab
795 1887 924 1950 errandi
952 1888 1096 1974 periculo
1126 1892 1169 1956 sit

77 1993 244 2072 immunis,
273 1993 339 2055 imo
369 2011 411 2054 ne
441 1987 593 2072 specialis
622 1989 750 2074 quidem
780 1989 950 2054 Ecclesiae
980 1991 1177 2078 approbatio.
1209 2002 1227 2032 ⁸

77 2092 344 2180 irrefragabilem
370 2104 403 2158 et
422 2089 634 2174 infallibilem
662 2095 888 2160 auctoritatem
916 2097 1064 2178 cuiquam
1086 2097 1171 2180 parit

77 2199 118 2284 (q.
148 2201 241 2281 221).
285 2197 517 2264 Verumtamen
546 2219 591 2262 ex
619 2219 677 2277 eo,
706 2197 791 2281 qnod
818 2199 889 2281 qnia
920 2218 1030 2262 errare
1054 2187 1169 2283 porat,

77 2295 142 2370 non'
160 2305 319 2386 sequitur,
341 2297 426 2385 qnod
448 2302 601 2366 continno
625 2301 734 2384 reipsa
758 2313 860 2376 erret;
882 2301 968 2365 unde
983 2300 1081 2367 fidem
1095 2291 1189 2370 sine*

78 2429 172 2474 cansa
209 2407 379 2472 detrahere
413 2407 483 2472 viro
513 2406 685 2469 sanctitate
716 2417 749 2469 et
779 2404 961 2468 eruditione
996 2411 1167 2493 conspicuo

76 2511 170 2595 plane
200 2508 344 2575 alienum
372 2508 413 2574 ab
442 2507 643 2572 humanitate
673 2519 707 2572 et
727 2522 817 2574 recta
839 2511 964 2574 ratione
987 2524 1048 2576 est.
1091 2512 1168 2579 rius
1255 2583 1264 2600 .
1349 2491 1360 2511 ⁸

76 2617 191 2682 dmum
218 2627 327 2680 autern
354 2594 548 2680 discriminis
574 2613 611 2676 in
642 2633 683 2678 eo
713 2615 987 2696 consistit,1nu1u
1016 2627 1168 2699 tanquam

71 2717 221 2802 palliola
243 2717 412 2786 Ecclesiae
434 2717 587 2803 magister
608 2736 651 2780 au
668 2714 820 2798 priuatos
841 2713 1001 2800 loquarne
1044 2718 1167 2804 Loqui·
1291 2709 1306 2728 ‘

76 2837 123 2890 tur
144 2835 256 2912 antem
279 2821 314 2888 S.
337 2821 435 2886 Pater·
456 2819 788 2904 velutipriootoe,
811 2820 868 2888 nbi
889 2821 1069 2908 siugularea
1091 2843 1168 2889 suas

76 2947 126 2991 rao
147 2930 244 3012 quasi
272 2929 405 2998 nomine
432 2945 494 2990 noa
509 2923 743 3008 praecipiendi
765 2925 960 3000 auctoritate
987 2927 1046 2992 sed
1066 2927 1166 3012 profi-

75 3032 181 3097 ciendi
193 3033 429 3096 exercitatione
450 3031 628 3094 sententiaa
646 3028 777 3104 effatam
800 3049 861 3094 ceu
877 3027 1067 3114 publicos
1088 3053 1166 3096 con·
1268 3093 1271 3100 .

75 3149 133 3215 tra,
156 3135 286 3220 qnando
308 3135 505 3200 sententiam
526 3133 667 3219 aliquam
689 3153 755 3197 non
777 3153 835 3217 pro
857 3155 917 3198 sna
938 3133 997 3200 sed
1016 3153 1075 3218 pro
1098 3131 1165 3198 Ec-

75 3238 194 3304 clesiae
227 3237 374 3302 doctrino
408 3239 576 3322 proponit;
606 3236 645 3303 id'
668 3235 752 3321 qnod
781 3251 933 3304 monente
960 3235 1164 3304 Moreclolio

74 3343 229 3410 facillime
252 3365 298 3408 ex
321 3365 360 3408 eo
384 3343 587 3428 dignoscitur,
610 3345 639 3408 si
662 3340 722 3408 SS.
745 3327 859 3408 Patres
881 3341 1019 3410 fidenter
1033 3356 1066 3410 et
1080 3342 1165 3425 stylo
1202 3381 1205 3392 ι

75 3451 165 3532 qnasi
188 3439 369 3510 decretorio*
385 3445 568 3532 loquuntur,
591 3449 619 3511 si
641 3449 788 3530 proprias
811 3451 990 3514 sententias
1011 3445 1164 3512 velutin·

74 3549 241 3616 dubitator
268 3551 425 3616 veritates
450 3549 527 3615 fidei
556 3549 686 3615 tradam
713 3561 746 3615 et
768 3563 915 3632 tuentur,
943 3553 973 3616 si
995 3547 1164 3616 Ecclesiae

74 3668 106 3719 et
128 3653 328 3724 Traditionis
357 3654 537 3722 doctrinam
557 3655 700 3738 prolerre
722 3653 910 3734 iateadml,
938 3667 971 3718 et
991 3651 1069 3718 fidei
1089 3673 1163 3738 pro·

72 3759 251 3824 sessionem
282 3762 482 3842 exprimunt,
520 3747 595 3822 dum
622 3757 729 3822 verbis
758 3755 939 3838 erectam,
969 3753 1164 3854 confitemur,

73 3862 178 3928 edocti
203 3883 335 3942 samaa·
352 3859 496 3926 Christos
519 3860 626 3940 dicit,
655 3859 863 3926 tradiderant
890 3859 1055 3945 Aportdi,
1077 3867 1165 3926 tenet

71 3963 243 4046 Ecclesia,
267 3965 405 4052 aliisque
428 3964 586 4032 similibus
608 3977 757 4042 atamen
780 3967 809 4030 si
829 3967 864 4030 in
884 3963 1022 4030 homiliis
1043 3964 1086 4033 ad
1106 3987 1163 4050 po·

8 4059 10 4064 ¹
71 4067 194 4156 palum,
217 4071 252 4134 in
266 4065 480 4135 catechesibus
502 4067 813 4136 adflatechumenos
836 4082 869 4134 ot
881 4067 1072 4155 Neophytos
1081 4067 1164 4135 haec

72 4171 229 4255 afferunt,
261 4187 295 4239 et
315 4181 353 4237 ur
375 4173 534 4239 credendo
564 4175 744 4250 inculcant3
774 4175 819 4254 si,
849 4175 1081 4257 quamprimum
1101 4175 1162 4236 irn-

72 4292 215 4366 pngnata
242 4290 318 4345 snat
353 4275 413 4344 illa
443 4277 594 4367 dogmata
623 4291 657 4344 et
685 4280 720 4344 in
754 4280 1007 4345 controversiam
1033 4289 1162 4356 vocata,

72 4385 267 4448 contrariam
293 4385 488 4450 sententiam
516 4380 719 4465 uniformiter
739 4395 775 4448 ut
795 4379 990 4448 taerutcoa
1003 4380 1162 4448 condem·
1277 4449 1280 4460 Α
